Date,Research & Development Cost,Revenue,Ticker,Total Operating Expences
12/31/2017,3366.468,16600.244,XXII,29900.108
12/31/2016,2340.958,12279.979,XXII,23667.826
12/31/2015,1571.365,8521.998,XXII,20565.881
12/31/2014,1216.483,528.991,XXII,12296.355
10/31/2017,0,91104.957,FAX,15907.418
10/31/2016,0,93735.111,FAX,16384.404
10/31/2015,0,105501.51,FAX,17627.154
10/31/2014,0,108313.119,FAX,19259.806
10/31/2017,0,6033.002,IAF,2147.059
10/31/2016,0,5748.7,IAF,2313.098
10/31/2015,0,7277.199,IAF,2417.101
10/31/2014,0,8305.629,IAF,2952.685
12/31/2017,0,2038.508,AEF,1745.138
12/31/2016,0,2015.607,AEF,1582.143
12/31/2015,0,2043.754,AEF,1521.154
12/31/2014,0,2572.677,AEF,2299.583
10/31/2017,0,6330.607,FCO,1542.934
10/31/2016,0,4946.738,FCO,1514.567
10/31/2015,0,5910.619,FCO,1683.04
10/31/2014,0,6778.35,FCO,1946.771
12/31/2017,0,130550.349,ACU,122754.296
12/31/2016,0,124574.371,ACU,116132.315
12/31/2015,0,109811.768,ACU,102464.762
12/31/2014,0,107222.306,ACU,99827.845
12/31/2017,17699.503,0,ATNM,26910.788
12/31/2016,17786.655,0,ATNM,26847.481
12/31/2015,13501.895,0,ATNM,24829.764
12/31/2014,12267.313,0,ATNM,22480.544
12/31/2017,0,1322060000,AE,1319558000
12/31/2016,0,1099540000,AE,1093486000
12/31/2015,0,1944279000,AE,1946638000
12/31/2014,0,4132826000,AE,4125873000
12/31/2017,0,34464.9,ACY,22746.4
12/31/2016,0,25350000,ACY,20177.8
12/31/2015,0,26563.8,ACY,21088.7
12/31/2014,0,25559.3,ACY,22081.6
12/31/2017,10.221,116.035,UAVS,782.898
12/31/2016,7.019,373.324,UAVS,2013.789
12/31/2015,14.448,773.945,UAVS,1848.004
12/31/2014,7.011,884.696,UAVS,691.543
12/31/2017,0,49869000,AIRI,56432000
12/31/2016,0,51321000,AIRI,61456000
12/31/2015,0,80442000,AIRI,79718000
12/31/2014,0,64331000,AIRI,62193000
12/31/2017,0,10732000,AXU,18107000
12/31/2016,0,11361000,AXU,18027000
12/31/2015,0,14662000,AXU,22236000
12/31/2014,0,15286000,AXU,21675000
12/31/2017,0,105162000,ALO,84809000
12/31/2016,0,123873000,ALO,88913000
12/31/2015,0,109192000,ALO,288653000
12/31/2014,0,154068000,ALO,132009000
12/31/2017,0,0,AAU,5617.787
12/31/2016,0,0,AAU,4420.305
12/31/2015,0,0,AAU,4176.713
12/31/2014,0,0,AAU,6050.083
12/31/2017,0,44025000,APT,41099000
12/31/2016,0,46176000,APT,42504000
12/31/2015,0,44955000,APT,43480000
12/31/2014,0,47649000,APT,44431000
12/31/2017,0,17301000,AAMC,24648000
12/31/2016,0,19175000,AAMC,23498000
12/31/2015,0,248099000,AAMC,207002000
12/31/2014,0,423298000,AAMC,134530000
12/31/2017,6262000,443924000,AMBO,441619000
12/31/2016,7572000,412016000,AMBO,433645000
12/31/2015,7308000,395715000,AMBO,589398000
12/31/2014,12259000,411998000,AMBO,875216000
9/30/2017,0,906184.408,DIT,899959.655
9/30/2016,0,908525.223,DIT,897651.288
9/30/2015,0,891055.896,DIT,879520.933
9/30/2014,0,848955.388,DIT,839559.019
12/31/2017,0,19556000,AMS,15216000
12/31/2016,0,18700000,AMS,13707000
12/31/2015,0,16548000,AMS,13329000
12/31/2014,0,15417000,AMS,13768000
12/31/2017,0,0,USAS,0
12/31/2016,0,58866000,USAS,61714000
12/31/2015,0,53450000,USAS,70707000
12/31/2014,0,31479000,USAS,93915000
12/31/2017,0,0,AMPE,0
12/31/2016,10546.287,0,AMPE,17082.354
12/31/2015,15111.686,0,AMPE,24167.571
12/31/2014,22490.578,0,AMPE,31448.019
12/31/2017,0,115000,APHB,10471000
12/31/2016,0,260000,APHB,14091000
12/31/2015,0,475000,APHB,10702000
12/31/2014,0,409000,APHB,12655000
12/31/2017,0,243393000,AKG,196058000
12/31/2016,0,175909000,AKG,161545000
12/31/2015,0,0,AKG,11559000
12/31/2014,0,0,AKG,16412000
12/31/2017,0,79597000,AINC,87831000
12/31/2016,0,67607000,AINC,70064000
12/31/2015,0,58786000,AINC,60137000
12/31/2014,0,17144000,AINC,63442000
12/31/2017,26640000,4042000,AST,36893000
12/31/2016,25467000,6954000,AST,41077000
12/31/2015,17321000,3582000,AST,25490000
12/31/2014,13310000,1224000,AST,18685000
12/31/2017,0,0,AUG,6020000
12/31/2016,0,0,AUG,6334000
12/31/2015,0,0,AUG,3549.786
6/30/2015,0,0,AUG,2168.068
12/31/2017,0,55848000,AWX,56119000
12/31/2016,0,61352000,AWX,61538000
12/31/2015,0,53090000,AWX,54392000
12/31/2014,0,51472000,AWX,52768000
12/31/2017,0,33358.641,ASM,27554.192
12/31/2016,0,30105.336,ASM,24383.157
1/1/2016,0,14924.798,ASM,12009.456
12/31/2014,0,19297.953,ASM,15544.569
12/31/2017,0,638677000,BTG,557608000
12/31/2016,0,683293000,BTG,544412000
12/31/2015,0,553656000,BTG,611268000
12/31/2014,0,486624000,BTG,925561000
12/31/2017,0,72646000,BTN,75250000
12/31/2016,0,76254000,BTN,71972000
12/31/2015,0,78059000,BTN,81064000
12/31/2014,0,83165000,BTN,84654000
12/31/2017,0,25078000,BKJ,17032000
12/31/2016,0,23357000,BKJ,16259000
12/31/2015,0,22870000,BKJ,14390000
12/31/2014,0,18364000,BKJ,12000000
10/31/2017,0,4124.623,BCV,1567.482
10/31/2016,0,3527.603,BCV,1296.91
10/31/2015,0,2310.179,BCV,1319.886
10/31/2014,0,2339.825,BCV,1267.648
12/31/2017,0,115255000,BHB,68518000
12/31/2016,0,56496000,BHB,32945000
12/31/2015,0,52021000,BHB,30755000
12/31/2014,0,49738000,BHB,28512000
9/30/2017,0,13030000,BRN,14438000
9/30/2016,0,13627000,BRN,19058000
9/30/2015,0,17533000,BRN,21994000
9/30/2014,0,28046000,BRN,28357000
12/31/2017,0,272600.05,BGSF,254765.025
12/25/2016,0,253852.214,BGSF,238483.79
12/27/2015,0,217533.856,BGSF,204559.821
12/28/2014,0,172810.551,BGSF,167675.458
1/31/2018,8528000,73000,BPMX,16949000
1/31/2017,9724000,100000,BPMX,18437000
1/31/2016,5345000,64000,BPMX,15222000
1/31/2015,4068000,12000,BPMX,13740000
12/31/2017,24024000,3458000,BTX,44114000
12/31/2016,36106000,5923000,BTX,64890000
12/31/2015,42604000,7036000,BTX,72845000
12/31/2014,37533000,5244000,BTX,55926000
3/31/2018,0,114378000,BGI,125196000
3/25/2017,0,116436000,BGI,119455000
3/26/2016,0,128651000,BGI,126806000
3/28/2015,0,301637000,BGI,293499000
12/31/2017,0,0,BKTI,41222000
12/31/2016,0,50689000,BKTI,46404000
12/31/2015,0,29722000,BKTI,28292000
12/31/2014,0,30971000,BKTI,28443000
12/31/2017,2452000,23283000,BDR,22820000
12/31/2016,2741000,22506000,BDR,23177000
12/31/2015,3331000,20943000,BDR,27343000
12/31/2014,3416000,29129000,BDR,29834000
12/31/2017,2455000,38883000,BVX,42624000
12/31/2016,2618000,36627000,BVX,40419000
12/31/2015,2160000,29520000,BVX,36506000
12/31/2014,1416000,27681000,BVX,33530000
12/31/2017,0,66264000,CMCL,45291000
12/31/2016,0,59069000,CMCL,42813000
12/31/2015,0,46522000,CMCL,41030000
12/31/2014,0,49991000,CMCL,38843000
3/31/2018,0,6859.767,CEI,12569.412
3/31/2017,0,5302.024,CEI,10003.968
3/31/2016,0,968.146,CEI,4121.42
12/31/2017,5055000,789000,CANF,7974000
12/31/2016,6067000,165000,CANF,8860000
12/31/2015,3857000,162000,CANF,6639000
12/31/2014,16016000,0,CANF,27773000
3/31/2018,0,82248.891,ROX,78054.674
3/31/2017,0,69623.342,ROX,67718.343
3/31/2016,0,64768.799,ROX,63763.252
3/31/2015,0,50702.968,ROX,51780.873
11/30/2017,58.92,19830.098,CAW,16318.421
11/30/2016,46.382,19628.694,CAW,16895.786
11/30/2015,75.208,24789.248,CAW,25230.849
11/30/2014,458.984,30212.892,CAW,31923.895
9/30/2017,0,69.02,CVM,21407.333
9/30/2016,0,285.055,CVM,25031.883
9/30/2015,0,657.377,CVM,33047.525
9/30/2014,0,264.033,CVM,25931.747
12/31/2017,0,12551.977,CET,5640.549
12/31/2016,0,9985.1,CET,5403.868
12/31/2015,0,7890.199,CET,4433.873
12/31/2014,0,7454.168,CET,4375.922
12/31/2017,15700000,218400000,LEU,231000000
12/31/2016,47900000,311300000,LEU,372800000
12/31/2015,33000000,418200000,LEU,438300000
12/31/2014,61300000,514100000,LEU,579100000
8/31/2017,0,252560000,CCF,193582000
8/31/2016,0,238094000,CCF,189012000
8/31/2015,0,238046000,CCF,195152000
8/31/2014,0,224006000,CCF,187833000
12/31/2017,0,120797000,CQH,2339000
12/31/2016,0,20338000,CQH,2540000
12/31/2015,0,20338000,CQH,2165000
12/31/2014,0,20338000,CQH,2197000
12/31/2017,0,5646000000,LNG,4232000000
12/31/2016,0,1287000000,LNG,1243000000
12/31/2015,0,270000000,LNG,603000000
12/31/2014,0,269252000,LNG,541431000
12/31/2017,90.474,13212.314,CPHI,17708.359
12/31/2016,365.969,15570.514,CPHI,19763.84
12/31/2015,961.897,20351.63,CPHI,34546.926
12/31/2014,2798.557,22133.866,CPHI,58680.113
12/31/2017,0,1144.585,CKX,638.167
12/31/2016,0,863.402,CKX,676.042
12/31/2015,0,1062.101,CKX,583.755
12/31/2014,0,2618.741,CKX,709.991
10/31/2017,0,5629.305,GLV,2941.065
10/31/2016,0,5274.934,GLV,3098.522
10/31/2015,0,4179.052,GLV,3828.172
10/31/2014,0,3793.566,GLV,3608.311
10/31/2017,0,7152.903,GLQ,5287.367
10/31/2016,0,5937.661,GLQ,6114.825
10/31/2015,0,5337.65,GLQ,8063.688
10/31/2014,0,6008.523,GLQ,7301.837
10/31/2017,0,18142.573,GLO,13401.669
10/31/2016,0,17998.006,GLO,16413.316
10/31/2015,0,15537.236,GLO,20381.396
10/31/2014,0,15682.405,GLO,19436.606
12/31/2017,0,41507000,COHN,0
12/31/2016,0,50575000,COHN,46762000
12/31/2015,0,41860000,COHN,47817000
12/31/2014,0,51438000,COHN,52341000
3/31/2018,0,187962.056,MOC,186423.24
3/31/2017,0,162179.249,MOC,162071.714
3/31/2016,0,133101.689,MOC,137302.429
3/31/2015,0,139185.4,MOC,137297.063
12/31/2017,0,112035000,CIX,96800000
12/31/2016,0,108920000,CIX,93346000
12/31/2015,0,108994000,CIX,95023000
12/31/2014,0,103846000,CIX,90239000
12/31/2017,0,104.329,LODE,8982.295
12/31/2016,0,5070.217,LODE,15283.561
12/31/2015,0,18492.85,LODE,30918.363
12/31/2014,0,25583.361,LODE,35239.236
12/31/2017,0,55643000,CDOR,51834000
12/31/2016,0,50403000,CDOR,48624000
12/31/2015,0,58714000,CDOR,54944000
12/31/2014,0,58799000,CDOR,55020000
12/31/2017,0,91412.291,CTO,53369.546
12/31/2016,0,71074.861,CTO,44333.115
12/31/2015,0,42997.68,CTO,27734.447
12/31/2014,0,36056.637,CTO,23044.591
12/31/2017,0,78545000,MCF,98735000
12/31/2016,0,78183000,MCF,133256000
12/31/2015,0,116505000,MCF,492530000
12/31/2014,0,276458000,MCF,316031000
12/30/2017,0,152810000,CUO,149067000
12/31/2016,0,151592000,CUO,144530000
1/2/2016,0,136835000,CUO,133344000
1/3/2015,0,131876000,CUO,134792000
12/31/2017,0,161673000,CMT,153113000
12/31/2016,0,174882000,CMT,163426000
12/31/2015,0,199068000,CMT,180321000
12/31/2014,0,175204000,CMT,160449000
12/31/2017,9517000,9650000,CVRS,43559000
12/31/2016,10313000,2842000,CVRS,34794000
12/31/2015,10033000,2729000,CVRS,29900000
12/31/2014,6607000,2983000,CVRS,24513000
12/31/2017,24486.122,329.327,CRMD,33253.437
12/31/2016,15735.3,224.105,CRMD,24985.023
12/31/2015,6281.823,210.13,CRMD,16864.101
12/31/2014,1318.734,189.274,CRMD,9091.394
12/31/2017,0,10511.443,CLM,5412.597
12/31/2016,0,9171.801,CLM,3925.506
12/31/2015,0,5873.021,CLM,3147.556
12/31/2014,0,4916.943,CLM,2335.868
12/31/2017,0,81283.148,CVU,71086.826
12/31/2016,0,81329.858,CVU,85625.13
12/31/2015,0,100202.557,CVU,91237.002
12/31/2014,0,39687.01,CVU,74119.929
12/31/2017,0,0,CIK,0
12/31/2016,0,14315.389,CIK,1265.824
12/31/2015,0,14539.797,CIK,1228.012
12/31/2014,0,14606.212,CIK,1423.476
10/31/2017,0,28541.824,DHY,3810.689
10/31/2016,0,29603.574,DHY,3546.717
10/31/2015,0,31640.151,DHY,3886.937
10/31/2014,0,32791.259,DHY,4143.522
12/31/2017,0,0,CRHM,78366.752
12/31/2016,0,78354.632,CRHM,53173.098
12/31/2015,0,46048.48,CRHM,31866.634
12/31/2014,0,11984.17,CRHM,8160.941
12/31/2017,0,71638.947,CTEK,66513.768
12/31/2016,0,60200.383,CTEK,57539.435
12/31/2015,0,61253.853,CTEK,59876.672
12/31/2014,0,44032.076,CTEK,42357.185
3/31/2018,0,4361.62,VCF,680.845
3/31/2017,0,4444.002,VCF,673.91
3/31/2016,0,4538.878,VCF,748.327
3/31/2015,0,4468.215,VCF,678.427
3/31/2018,0,4179.263,VFL,650.704
3/31/2017,0,4160.231,VFL,634.473
3/31/2016,0,4286.746,VFL,754.111
3/31/2015,0,4275.137,VFL,681.147
3/31/2018,0,8822.575,VMM,1360.874
3/31/2017,0,9031.71,VMM,1397.651
3/31/2016,0,9740.782,VMM,1544.414
3/31/2015,0,9761.537,VMM,1455.32
9/30/2017,0,385082000,DLA,371098000
10/1/2016,0,425249000,DLA,406680000
10/3/2015,0,449142000,DLA,441227000
9/27/2014,0,452901000,DLA,450341000
12/31/2017,0,11085000,DNN,30118000
12/31/2016,0,13833000,DNN,29476000
12/31/2015,0,12670000,DNN,34905000
12/31/2014,0,9619000,DNN,35267000
12/31/2017,0,61994.918,DGSE,60009.99
12/31/2016,0,48326.609,DGSE,50768.035
12/31/2015,0,60917.739,DGSE,62876.311
12/31/2014,0,70742.756,DGSE,71145.839
12/31/2017,0,0,DSS,0
12/31/2016,0,19177.599,DSS,19837.658
12/31/2015,0,17505.109,DSS,21495.554
12/31/2014,0,18287.496,DSS,27731.515
12/31/2017,1120000,10175000,DPW,16158000
12/31/2016,709000,7596000,DPW,8815000
12/31/2015,894000,7766000,DPW,8769000
12/31/2014,816000,9022000,DPW,9564000
9/30/2017,0,13666.308,DMF,2161.871
9/30/2016,0,13520.21,DMF,2296.806
9/30/2015,0,13866.55,DMF,2171.627
9/30/2014,0,14691.807,DMF,2160.851
12/31/2017,0,78734000,DXF,30532000
12/31/2016,0,78157000,DXF,20988000
12/31/2015,0,74912000,DXF,20216000
12/31/2014,0,11681.929,DXF,2421.041
9/30/2017,0,17848.874,EVM,3053.224
9/30/2016,0,18375.386,EVM,3136.388
9/30/2015,0,18873.331,EVM,3063.41
9/30/2014,0,19224.637,EVM,3035.908
9/30/2017,0,3303.113,EIA,642.875
9/30/2016,0,3367.758,EIA,713.574
9/30/2015,0,3641.855,EIA,655.603
9/30/2014,0,3686.3,EIA,639.018
11/30/2017,0,6402.151,CEV,1476.577
11/30/2016,0,6741.791,CEV,1661.49
11/30/2015,0,6995.135,CEV,1566.901
11/30/2014,0,7138.348,CEV,1555.312
3/31/2018,0,134180.326,EVV,22785.451
3/31/2017,0,140098.493,EVV,22985.703
3/31/2016,0,149494.871,EVV,24106.578
3/31/2015,0,158719.403,EVV,25714.964
9/30/2017,0,1640.63,MAB,384.588
9/30/2016,0,1672.908,MAB,429.587
9/30/2015,0,1771.323,MAB,379.838
9/30/2014,0,1779.225,MAB,364.384
11/30/2017,0,2473.862,MMV,541.182
11/30/2016,0,2556.525,MMV,716.344
11/30/2015,0,2636.775,MMV,671.643
11/30/2014,0,2692.141,MMV,674.652
9/30/2017,0,1493.239,MIW,350.789
9/30/2016,0,1522.639,MIW,361.394
9/30/2015,0,1523.867,MIW,332.277
9/30/2014,0,1514.391,MIW,327.264
11/30/2017,0,1953.215,EMI,531.367
11/30/2016,0,2015.964,EMI,594.497
11/30/2015,0,2058.939,EMI,527.854
11/30/2014,0,2089.905,EMI,548.424
9/30/2017,0,62348.453,EIM,10028.009
9/30/2016,0,63511.526,EIM,10214.515
9/30/2015,0,65402.326,EIM,10021.166
9/30/2014,0,67127.505,EIM,9974.495
9/30/2017,0,8954.36,EIV,1497.821
9/30/2016,0,9140.331,EIV,1647.762
9/30/2015,0,9196.893,EIV,1530.625
9/30/2014,0,9349.57,EIV,1512.106
9/30/2017,0,2508.133,EMJ,495.841
9/30/2016,0,2503.886,EMJ,519.838
9/30/2015,0,2444.117,EMJ,477.824
9/30/2014,0,2436.934,EMJ,465.31
11/30/2017,0,4435.574,EVJ,986.748
11/30/2016,0,4506.326,EVJ,1046.347
11/30/2015,0,4497.428,EVJ,1030.091
11/30/2014,0,4570.433,EVJ,1046.669
9/30/2017,0,13980.756,ENX,2586.63
9/30/2016,0,14244.912,ENX,2635.472
9/30/2015,0,14641.777,ENX,2617.785
9/30/2014,0,15253.441,ENX,2551.284
9/30/2017,0,2254.912,NYH,484.936
9/30/2016,0,2281.696,NYH,526.199
9/30/2015,0,2317.219,NYH,473.744
9/30/2014,0,2406.032,NYH,461.108
11/30/2017,0,5504.204,EVY,1082.583
11/30/2016,0,5567.821,EVY,1306.256
11/30/2015,0,5789.257,EVY,1223.212
11/30/2014,0,5949.192,EVY,1233.075
9/30/2017,0,2342.862,EIO,471.728
9/30/2016,0,2344.794,EIO,512.277
9/30/2015,0,2332.26,EIO,448.265
9/30/2014,0,2325.543,EIO,434.733
11/30/2017,0,2841.3,EVO,697.054
11/30/2016,0,2921.465,EVO,775.061
11/30/2015,0,2901.346,EVO,699.062
11/30/2014,0,2917.333,EVO,701.919
9/30/2017,0,2864.838,EIP,545.585
9/30/2016,0,2903.142,EIP,565.724
9/30/2015,0,2954.417,EIP,540.005
9/30/2014,0,3030.947,EIP,530.031
11/30/2017,0,2499.472,EVP,619.634
11/30/2016,0,2570.798,EVP,695.805
11/30/2015,0,2641.295,EVP,645.805
11/30/2014,0,2723.484,EVP,656.691
6/30/2018,251.443,28697.622,ELMD,25685.097
6/30/2017,596.876,25861.144,ELMD,22158.805
6/30/2016,380.392,22859.999,ELMD,19732.691
6/30/2015,315.647,19408.385,ELMD,18066.189
12/31/2017,0,13636000,ELLO,12208000
12/31/2016,0,11632000,ELLO,10636000
12/31/2015,0,12446000,ELLO,10357000
12/31/2014,0,15782000,ELLO,10982000
9/30/2017,0,3800.54,ECF,1365.522
9/30/2016,0,3931.313,ECF,1313.382
9/30/2015,0,3244.547,ECF,1431.661
9/30/2014,0,3268.86,ECF,1416.973
12/31/2017,5175000,22031000,EMAN,30764000
12/31/2016,6362000,21397000,EMAN,29728000
12/31/2015,4353000,25142000,EMAN,29204000
12/31/2014,4511000,25715000,EMAN,30966000
3/31/2018,0,15022000,MSN,18415000
3/31/2017,0,21251000,MSN,16477000
3/31/2016,0,45751000,MSN,47156000
3/31/2015,0,76323000,MSN,71578000
12/31/2017,0,2857.927,EMX,10081.33
12/31/2016,0,2227.322,EMX,10054.879
12/31/2015,0,1609.553,EMX,13452.324
12/31/2014,0,2247.334,EMX,18615.756
12/31/2017,0,40752000,ENSV,44551000
12/31/2016,0,24608000,ENSV,35466000
12/31/2015,0,38777.86,ENSV,38861.504
12/31/2014,0,56563.944,ENSV,49053.059
6/30/2018,0,11932.328,ESNC,24561.537
6/30/2017,0,12494.184,ESNC,30014.741
6/30/2016,0,2100.023,ESNC,19943.491
6/30/2015,0,1763.51,ESNC,15320.685
12/31/2017,0,0,EGI,2878000
12/31/2016,0,0,EGI,2994000
12/31/2015,0,0,EGI,6348000
12/31/2014,0,0,EGI,14655000
6/30/2018,0,150007000,EVI,142776000
6/30/2017,0,93978000,EVI,88150000
6/30/2016,0,36016000,EVI,33225000
6/30/2015,0,30754.57,EVI,28076.125
6/30/2018,0,32517.883,ESP,28664.026
6/30/2017,0,22521.012,ESP,20994.556
6/30/2016,0,27471.365,ESP,23128.132
6/30/2015,0,26831.705,ESP,22401.939
12/31/2017,0,51439000,EVBN,34898000
12/31/2016,0,43174000,EVBN,32227000
12/31/2015,0,43574000,EVBN,32091000
12/31/2014,0,40143000,EVBN,29591000
6/30/2018,0,41281.212,EPM,24869.571
6/30/2017,0,34484.896,EPM,21570.528
6/30/2016,0,26349.502,EPM,19987.653
6/30/2015,0,27841.265,EPM,18357.868
11/30/2017,0,12579.605,FEN,7328.739
11/30/2016,0,8570.694,FEN,7009.791
11/30/2015,0,18867.313,FEN,9487.521
11/30/2014,0,13149.442,FEN,9566.732
9/30/2017,0,106589000,BDL,100331000
10/1/2016,0,103393000,BDL,96592000
10/3/2015,0,98909000,BDL,91508000
9/27/2014,0,89597000,BDL,83083000
12/31/2017,98.928,15494.325,FSI,13772.874
12/31/2016,95.098,16246.014,FSI,12998.566
12/31/2015,95.265,15898.547,FSI,13422.285
12/31/2014,134.981,15907.849,FSI,15018.788
12/31/2017,0,18114.083,FTF,3550.142
3/31/2017,0,21030.932,FTF,4516.961
3/31/2016,0,23369.328,FTF,4054.413
3/31/2015,0,23853.705,FTF,4313.351
12/31/2017,0,271503000,FSP,231782000
12/31/2016,0,249057000,FSP,212653000
12/31/2015,0,242416000,FSP,205200000
12/31/2014,0,247923000,FSP,207787000
3/31/2018,0,121157.278,FRD,117087.038
3/31/2017,0,77756.055,FRD,81965.876
3/31/2016,0,81631.382,FRD,81608.011
3/31/2015,0,108322.78,FRD,107698.004
12/31/2017,0,243409000,FTNW,240338000
12/31/2016,0,12269000,FTNW,13996000
12/31/2015,0,14515.452,FTNW,19126.009
9/30/2015,0,14388.682,FTNW,15951.353
12/31/2017,0,18350.382,GGN,9716.063
12/31/2016,0,12791.318,GGN,9548.145
12/31/2015,0,12129.1,GGN,9826.486
12/31/2014,0,15342.219,GGN,13110.726
12/31/2017,0,73757000,GST,69560000
12/31/2016,0,59209000,GST,71558000
12/31/2015,0,79828000,GST,80284000
12/31/2014,0,145116000,GST,63972000
9/30/2017,0,134978000,JOB,133454000
9/30/2016,0,83074000,JOB,81175000
9/30/2015,0,43387000,JOB,44647000
9/30/2014,0,39811000,JOB,40422000
12/31/2017,0,0,GMO,7129000
12/31/2016,0,0,GMO,7127000
12/31/2015,0,0,GMO,9735000
12/31/2014,0,0,GMO,10969000
12/31/2017,3128000,33891000,GSB,31269000
12/31/2016,2571000,32595000,GSB,27368000
12/31/2015,2562000,30735000,GSB,24424000
12/31/2014,2183000,26770000,GSB,22155000
12/31/2017,0,112660000,GSAT,164406000
12/31/2016,0,96861000,GSAT,158792000
12/31/2015,0,90490000,GSAT,157094000
12/31/2014,0,90064000,GSAT,185875000
12/31/2017,1148000,14799000,GLOW,15453000
12/31/2016,1117000,19218000,GLOW,20628000
12/31/2015,1350000,25541000,GLOW,25892000
12/31/2014,1019000,32156000,GLOW,30998000
12/31/2017,0,110156000,GORO,80618000
12/31/2016,0,83227000,GORO,75186000
12/31/2015,0,92701000,GORO,79657000
12/31/2014,0,115405000,GORO,83817000
12/31/2017,0,0,GSV,9126.876
12/31/2016,0,0,GSV,7939.804
12/31/2015,0,0,GSV,6032.721
12/31/2014,0,0,GSV,11390.738
12/31/2017,0,0,AUMN,9678000
12/31/2016,0,6400000,AUMN,12496000
12/31/2015,0,8071000,AUMN,37720000
12/31/2014,0,235000,AUMN,20799000
12/31/2017,0,315497000,GSS,277248000
12/31/2016,0,221290000,GSS,222787000
12/31/2015,0,255187000,GSS,285556000
12/31/2014,0,328915000,GSS,386354000
12/31/2017,0,113953.519,GV,103691.419
12/31/2016,0,130423.463,GV,109034.228
12/31/2015,0,120571.171,GV,111818.927
12/31/2014,0,98363.27,GV,97312.527
12/31/2017,0,44853000,GDP,45456000
12/31/2016,0,27268000,GDP,41307000
12/31/2015,0,77650000,GDP,618273000
12/31/2014,0,208553000,GDP,510451000
12/31/2017,0,421734000,GTE,306549000
12/31/2016,0,289269000,GTE,295216000
12/31/2015,0,276011000,GTE,330910000
12/31/2014,0,559398000,GTE,351075000
12/31/2017,0,63746000,GPL,64194000
12/31/2016,0,61881000,GPL,53478000
12/31/2015,0,56218000,GPL,66617000
12/31/2014,0,54390000,GPL,77912000
12/31/2017,0,28700450000,SIM,25226535000
12/31/2016,0,27515565000,SIM,24089278000
12/31/2015,0,24475821000,SIM,24680383000
12/31/2014,0,26828761000,SIM,26625462000
12/31/2017,0,101822000,GLF,173034000
12/31/2016,0,123719000,GLF,183672000
12/31/2015,0,274806000,GLF,305095000
12/31/2014,0,495769000,GLF,397570000
12/31/2017,4091000,437000,HEB,11846000
12/31/2016,4973000,92000,HEB,12912000
12/31/2015,7823000,133000,HEB,16568000
12/31/2014,8542000,197000,HEB,18850000
12/31/2017,0,0,HCAC,670000
12/31/2017,0,-155.415,HMG,1394.603
12/31/2016,0,-216.951,HMG,1396.877
12/31/2015,0,65.047,HMG,1785.933
12/31/2014,0,76.754,HMG,1426.868
12/31/2017,0,630.392,HUSA,2506.585
12/31/2016,0,165.91,HUSA,2230.655
12/31/2015,0,429.435,HUSA,2446.118
12/31/2014,0,363.455,HUSA,2829.649
6/30/2018,3986000,444000,IBIO,14671000
6/30/2017,4117000,394000,IBIO,14668000
6/30/2016,3156000,948000,IBIO,10841000
6/30/2015,3495000,1851000,IBIO,8517000
9/30/2017,0,96455000,IEC,95395000
9/30/2016,0,127010000,IEC,120762000
9/30/2015,0,126999000,IEC,126434000
9/30/2014,0,120837000,IEC,119661000
12/31/2017,14776.84,0,IMUC,18804.04
12/31/2016,19105.727,0,IMUC,23412.125
12/31/2015,10896.591,0,IMUC,15513.091
12/31/2014,5969.182,0,IMUC,9858.541
12/31/2017,0,-49285000,IMH,199038000
12/31/2016,0,72022000,IMH,225612000
12/31/2015,0,-88911000,IMH,150051000
12/31/2014,0,-246474000,IMH,52540000
12/31/2017,0,27452000000,IMO,27091000000
12/31/2016,0,23399000000,IMO,23195000000
12/31/2015,0,25188000000,IMO,23358000000
12/31/2014,0,34669000000,IMO,30379000000
12/31/2017,0,0,IOR,1348000
12/31/2016,0,0,IOR,1292000
12/31/2015,0,0,IOR,1418000
12/31/2014,0,0,IOR,1518000
3/31/2018,0,2192.59,IGC,3981.543
3/31/2017,0,580.372,IGC,2633.825
3/31/2016,0,6366.55,IGC,8954.75
3/31/2015,0,7680.257,IGC,12022.548
12/31/2017,0,65436000,INFU,67318000
12/31/2016,0,64866000,INFU,63562000
12/31/2015,0,65307000,INFU,57358000
12/31/2014,0,60713000,INFU,51382000
1/31/2018,0,10767.592,IHT,13382.399
1/31/2017,0,9197.179,IHT,11552.646
1/31/2016,0,11616.767,IHT,12295.071
1/31/2015,0,2845.122,IHT,4751.528
12/31/2017,1276000,2761000,NSPR,10993000
12/31/2016,1291000,1894000,NSPR,9542000
12/31/2015,3642000,2310000,NSPR,15813000
12/31/2014,8744000,2818000,NSPR,26516000
12/31/2017,1916.107,3598.296,IDN,8303.22
12/31/2016,2405.593,3838.963,IDN,9588.574
12/31/2015,2594.678,7014.665,IDN,12494.874
12/31/2014,1823.147,6613.056,IDN,10051.225
12/31/2017,4367000,9302000,INS,10705000
12/31/2016,2740000,8178000,INS,8865000
12/31/2015,2877000,4782000,INS,7604000
12/31/2014,3189000,4187000,INS,6481000
12/31/2017,0,0,THM,5882.083
12/31/2016,0,0,THM,6693.04
12/31/2015,0,0,THM,5384.591
12/31/2014,0,0,THM,8000.392
12/31/2017,4301000,66801000,INTT,55279000
12/31/2016,3660000,40227000,INTT,35571000
12/31/2015,3935000,38889000,INTT,35998000
12/31/2014,3580000,41796000,INTT,36880000
12/31/2017,0,79554.493,INUV,83440.967
12/31/2016,0,71530.102,INUV,72387.268
12/31/2015,0,70438.116,INUV,68291.143
12/31/2014,0,49599.486,INUV,47102.477
2/28/2018,0,41393.979,VKI,5557.733
2/28/2017,0,42508.201,VKI,5546.293
2/29/2016,0,43144.369,VKI,5718.709
2/28/2015,0,42809.014,VKI,5648.003
6/30/2018,1746000,5923000,ISR,12652000
6/30/2017,965000,4761000,ISR,10996000
6/30/2016,528000,4769000,ISR,10307000
6/30/2015,615000,4606000,ISR,8943000
12/31/2017,0,0,ISDR,0
12/31/2016,404000,12059000,ISDR,10124000
12/31/2015,326.584,11619.883,ISDR,10438.647
12/31/2014,391.973,13629.684,ISDR,12157.031
12/31/2017,31.922,117023.578,ITP,108375.022
12/31/2016,21.598,134744.6,ITP,121614.575
12/31/2015,28.448,135303.173,ITP,117106.403
12/31/2014,20.276,137041.447,ITP,119122.514
12/31/2017,1572.714,6062.778,KIQ,11234.902
12/31/2016,704.868,8077.143,KIQ,11604.749
12/31/2015,783.68,18910.122,KIQ,19381.023
12/31/2014,440.6,23816.809,KIQ,17591.506
12/31/2017,0,1263004000,LTS,1253416000
12/31/2016,0,1100140000,LTS,1107932000
12/31/2015,0,1142401000,LTS,1147414000
12/31/2014,0,909495000,LTS,890338000
9/30/2017,0,4474.953,LEVB,4714.244
9/30/2016,0,2031.562,LEVB,5764.855
9/30/2015,0,25.084,LEVB,2623.454
12/31/2017,0,22402000,LGL,22126000
12/31/2016,0,20891000,LGL,21014000
12/31/2015,0,20713000,LGL,21501000
12/31/2014,0,23013000,LGL,25377000
12/31/2017,3000000,785156000,LBY,759111000
12/31/2016,4300000,796210000,LBY,736417000
12/31/2015,6100000,825230000,LBY,754473000
12/31/2014,6200000,855892000,LBY,776507000
12/31/2017,0,21612000,LLEX,66149000
12/31/2016,0,3435000,LLEX,17348000
12/31/2015,0,396000,LLEX,8737000
12/31/2014,0,2859.371,LLEX,12606.708
12/31/2017,536.848,11343.177,LIQT,15950.432
12/31/2016,626.147,13906.394,LIQT,19697.99
12/31/2015,707.844,15812.587,LIQT,19212.066
12/31/2014,336.066,14561.192,LIQT,19752.704
12/31/2017,0,0,MAG,7694000
12/31/2016,0,0,MAG,60673000
12/31/2015,0,0,MAG,11333000
12/31/2014,0,0,MAG,14904.397
3/31/2018,17250000,122985000,MJCO,125392000
3/31/2017,17236000,121768000,MJCO,122007000
3/31/2016,16267000,113302000,MJCO,117303000
3/31/2015,10344000,79282000,MJCO,80120000
12/31/2017,0,147882000,MHH,141782000
12/31/2016,0,132008000,MHH,126721000
12/31/2015,0,123470000,MHH,117859000
12/31/2014,0,113523000,MHH,107983000
12/31/2017,0,149.687,MTNB,16652.091
12/31/2016,0,0,MTNB,8257.133
12/31/2015,0,194.494,MTNB,10105.993
12/31/2014,0,0,MTNB,10464.999
12/31/2017,0,903592000,MNI,874679000
12/25/2016,0,977093000,MNI,931871000
12/27/2015,0,1056574000,MNI,986418000
12/28/2014,0,1146552000,MNI,1044502000
3/31/2018,0,2705.235,MXC,2937.473
3/31/2017,0,2376.749,MXC,3068.015
3/31/2016,0,2421.792,MXC,3907.137
3/31/2015,0,3390.005,MXC,3829.295
11/30/2017,0,2539.975,CCA,473.021
11/30/2016,0,2615.147,CCA,486.049
11/30/2015,0,2679.107,CCA,492.589
11/30/2014,0,2590.626,CCA,481.545
12/31/2017,111.014,20102.662,MICR,21027.979
12/31/2016,97.234,19638.217,MICR,20141.048
12/31/2015,241.1,21495.184,MICR,21852.198
12/31/2014,408.867,24070.292,MICR,23116.095
12/31/2017,272.746,11281.886,MLSS,16516.204
12/31/2016,1270.471,10482.005,MLSS,16995.965
12/31/2015,100.856,9491.569,MLSS,12548.317
12/31/2014,88.243,10333.09,MLSS,11123.266
12/31/2017,1530.531,1558.866,MYO,8106.98
12/31/2016,1012.551,1103.277,MYO,4378.279
12/31/2015,756.83,689.671,MYO,4223.174
12/31/2014,580.411,913.254,MYO,3654.574
6/30/2017,5531.708,0,NNVC,9600.724
6/30/2016,5028.97,0,NNVC,8859.501
6/30/2015,3660.322,0,NNVC,7063.1
6/30/2014,5131.523,0,NNVC,8667.372
12/31/2017,0,966996000,NHC,907996000
12/31/2016,0,926638000,NHC,862155000
12/31/2015,0,906622000,NHC,836888000
12/31/2014,0,871683000,NHC,801507000
12/31/2017,4513.842,1810.437,NAVB,15069.564
12/31/2016,7138.08,4971.634,NAVB,15120.376
12/31/2015,10562.729,3013.361,NAVB,21454.101
12/31/2014,15116.978,2054.096,NAVB,24645.588
12/31/2017,0,16451000,NTIP,10437000
12/31/2016,0,65088000,NTIP,14292000
12/31/2015,0,16565000,NTIP,8074000
12/31/2014,0,12309000,NTIP,5949000
10/31/2017,0,5661000,NBW,1054000
10/31/2016,0,5574000,NBW,1151000
10/31/2015,0,5446000,NBW,1091000
10/31/2014,0,5411000,NBW,1133000
10/31/2017,0,23454.26,NHS,3008.954
10/31/2016,0,23806.663,NHS,3003.884
10/31/2015,0,25250.285,NHS,3073.185
10/31/2014,0,27017.434,NHS,3194.427
10/31/2017,0,20537000,NBH,2993000
10/31/2016,0,20501000,NBH,3233000
10/31/2015,0,20748000,NBH,3138000
10/31/2014,0,20546000,NBH,3221000
10/31/2017,0,4725000,NBO,926000
10/31/2016,0,4701000,NBO,1003000
10/31/2015,0,4629000,NBO,950000
10/31/2014,0,4618000,NBO,1003000
10/31/2017,0,21979.758,NRO,4072.523
10/31/2016,0,22077.664,NRO,4488.981
10/31/2015,0,17664.519,NRO,4438.401
10/31/2014,0,20861.224,NRO,4047.264
4/30/2018,0,74552.526,UWN,71588.877
4/30/2017,0,74458.949,UWN,71395.443
4/30/2016,0,70234.356,UWN,65197.657
4/30/2015,0,64349.553,UWN,61017.952
12/31/2017,0,0,NSU,347947000
12/31/2016,0,230705000,NSU,187807000
12/31/2015,0,356872000,NSU,279290000
12/31/2014,0,555012000,NSU,278241000
12/31/2017,0,791000,GBR,1435000
12/31/2016,0,764000,GBR,1533000
12/31/2015,0,820000,GBR,2405000
12/31/2014,0,1489000,GBR,2676000
12/31/2017,0,56733.215,NEN,38682.422
12/31/2016,0,51340.917,NEN,36295.14
12/31/2015,0,46349.288,NEN,32597.96
12/31/2014,0,42307.022,NEN,31545.752
12/31/2017,0,604400000,NGD,846200000
12/31/2016,0,522800000,NGD,518700000
12/31/2015,0,712900000,NGD,718800000
12/31/2014,0,726000000,NGD,1055600000
12/31/2017,0,0,NXE,0
12/31/2016,0,0,NXE,15536.635
12/31/2015,0,0,NXE,5145.636
12/31/2014,0,0,NXE,8677.3
12/31/2017,0,297315000,HLTH,274706000
12/31/2016,0,286129000,HLTH,275791000
12/31/2015,0,225659000,HLTH,194009000
12/31/2014,0,84029000,HLTH,63538000
12/31/2017,0,0,NAK,64194000
12/31/2016,0,0,NAK,27116000
12/31/2015,0,0,NAK,34894000
12/31/2014,0,0,NAK,34138000
12/31/2017,0,203382.068,NOG,138698.472
12/31/2016,0,144208.622,NOG,129500.643
12/31/2015,0,181107.872,NOG,98936.893
12/31/2014,0,387940.117,NOG,82768.86
12/31/2017,410000,18230000,NBY,25541000
12/31/2016,1280000,11897000,NBY,22718000
12/31/2015,5728000,4381000,NBY,25518000
12/31/2014,9483000,1054000,NBY,17958000
11/30/2017,0,0,NG,20802000
11/30/2016,0,0,NG,20179000
11/30/2015,0,0,NG,20288000
11/30/2014,0,0,NG,22082000
12/31/2017,0,0,NTN,22671000
12/31/2016,0,22312000,NTN,24590000
12/31/2015,0,24519000,NTN,30322000
12/31/2014,0,26046000,NTN,29991000
12/31/2017,0,176071000,NES,248786000
12/31/2016,0,152176000,NES,213100000
12/31/2015,0,356699000,NES,389719000
12/31/2014,0,536282000,NES,529125000
12/31/2017,7174000,0,OCX,18849000
12/31/2016,5677000,0,OCX,11140000
12/31/2015,4527000,0,OCX,8718000
12/31/2014,3962000,0,OCX,4973000
12/31/2017,3539.656,0,OGEN,6721.416
12/31/2016,4754.65,0,OGEN,8547.303
12/31/2015,3733.51,0,OGEN,6785.564
12/31/2014,3065.053,939.926,OGEN,6762.21
12/31/2017,0,0,TIS,166401000
12/31/2016,0,164494000,TIS,146908000
12/31/2015,0,168446000,TIS,148996000
12/31/2014,0,142724000,TIS,126813000
12/31/2017,0,15533.128,ORM,11902.129
12/31/2016,0,17078.991,ORM,14757.857
12/31/2015,0,21243.551,ORM,13204.782
12/31/2014,0,17820.251,ORM,11627.674
6/30/2018,0,67134.758,PTN,41208.193
6/30/2017,0,44723.827,PTN,55293.321
6/30/2016,0,0,PTN,49250.135
6/30/2015,0,12951.73,PTN,30237.887
6/30/2018,0,0,PZG,6084.72
6/30/2017,0,0,PZG,7711.976
6/30/2016,0,0,PZG,5290.084
6/30/2015,0,0,PZG,3014.85
12/31/2017,1479.587,13547.507,TEUM,21368.401
12/31/2016,3543.59,12855.811,TEUM,24498.154
12/31/2015,4543.492,31015.453,TEUM,31377.64
12/31/2014,7228.663,20356.447,TEUM,37133.833
12/31/2017,0,315837000,PRK,191014000
12/31/2016,0,321878000,PRK,186623000
12/31/2015,0,298893000,PRK,179853000
12/31/2014,0,307543000,PRK,179724000
12/31/2017,0,3015000,PED,26583000
12/31/2016,0,3968000,PED,10910000
12/31/2015,0,5326000,PED,14638000
12/31/2014,0,4812000,PED,18062000
12/31/2017,31599000,28780000,PFNX,54755000
12/31/2016,32054000,60194000,PFNX,55071000
12/31/2015,17935000,9583000,PFNX,37421000
12/31/2014,4026000,10644000,PFNX,20361000
4/30/2018,0,13976.569,HNW,2152.895
4/30/2017,0,13817.744,HNW,2146.845
4/30/2016,0,15686.191,HNW,2088.974
4/30/2015,0,18113.437,HNW,2261.229
8/31/2017,0,0,PLG,6893000
8/31/2016,0,0,PLG,5571000
8/31/2015,0,0,PLG,10374000
8/31/2014,0,0,PLG,15509000
12/31/2017,0,24818000,PLYM,27392000
12/31/2016,0,19888000,PLYM,21310000
12/31/2015,0,19205000,PLYM,22575000
12/31/2014,0,2839000,PLYM,8321000
12/31/2017,0,0,PLM,7339.636
1/31/2017,0,0,PLM,6678000
1/31/2016,0,0,PLM,5431000
1/31/2015,0,0,PLM,5679000
12/31/2017,0,1982.265,PW,643.949
12/31/2016,0,1975.921,PW,590.683
12/31/2015,0,1970.115,PW,671.426
12/31/2014,0,1743.189,PW,642.271
12/31/2017,28059000,0,PLX,0
12/31/2016,23608000,9199000,PLX,42362000
12/31/2015,19025000,4364000,PLX,28034000
12/31/2014,21224000,3523000,PLX,32082000
6/30/2018,0,842417000,RLGT,830236000
6/30/2017,0,777613000,RLGT,761434000
6/30/2016,0,782579000,RLGT,772288000
6/30/2015,0,502665000,RLGT,495266000
7/31/2017,0,5618000,RFL,5397000
7/31/2016,0,5589000,RFL,4397000
7/31/2015,0,3987000,RFL,4124000
10/31/2017,0,54950.207,UTG,12951.433
10/31/2016,0,44946.468,UTG,12008.487
10/31/2015,0,39269.522,UTG,10496.876
10/31/2014,0,66910.64,UTG,9943.998
12/31/2017,0,37714000,REED,43538000
12/31/2016,0,42472000,REED,44787000
12/31/2015,0,45948000,REED,48678000
12/31/2014,0,43422000,REED,43146000
12/31/2017,0,25148000,RHE,20010000
12/31/2016,0,27601000,RHE,22682000
12/31/2015,0,18400000,RHE,26041000
12/31/2014,0,3325000,RHE,27523000
12/31/2017,740.567,34493.838,RVP,38811.085
12/31/2016,571.842,29826.636,RVP,32877.519
12/31/2015,607.527,29552.2,RVP,32760.076
12/31/2014,616.784,33664.63,RVP,35822.191
12/31/2017,10715.296,0,RNN,17354.717
12/31/2016,10089.149,0,RNN,16413.385
12/31/2015,12148.226,0,RNN,18263.436
12/31/2014,7015.901,0,RNN,13269.229
12/31/2017,0,63547.138,REI,51668.181
12/31/2016,0,29345.628,REI,29865.373
12/31/2015,0,29545.819,REI,33418.054
12/31/2014,0,36329.237,REI,23758.962
12/31/2017,0,10644.197,RIF,3688.25
12/31/2016,0,9626.275,RIF,3350.378
12/31/2015,0,10000.001,RIF,3154.724
12/31/2014,0,10437.463,RIF,3030.756
12/31/2017,0,6332.564,SACH,1471.895
12/31/2016,0,3628.36,SACH,489.766
12/31/2015,0,2565.026,SACH,217.75
12/31/2014,0,1546.126,SACH,76.146
12/31/2017,0,86673000,SNMP,90990000
12/31/2016,0,69518000,SNMP,95201000
12/31/2015,0,66636000,SNMP,190229000
12/31/2014,0,74072000,SNMP,62559000
12/31/2017,0,68275000,SAND          ,65305000
12/31/2016,0,62371000,SAND          ,53090000
12/31/2015,0,52663000,SAND          ,80559000
12/31/2014,0,56494000,SAND          ,49968000
12/31/2017,0,5809000000,SEB,5577000000
12/31/2016,0,5379000000,SEB,5141000000
12/31/2015,0,5594000000,SEB,5468000000
12/31/2014,0,6473000000,SEB,6049000000
12/31/2017,30735000,6373000,SENS,62686000
12/31/2016,26347000,332000,SENS,42765000
12/31/2015,18251000,38000,SENS,28850000
12/31/2014,12881000,0,SENS,18702000
12/31/2017,0,41444000,SVT,39302000
12/31/2016,0,38587000,SVT,36055000
12/31/2015,0,36729000,SVT,34521000
12/31/2014,0,31646000,SVT,30757000
12/31/2017,0,205118000,SMTS,187879000
12/31/2016,0,143180000,SMTS,149680000
12/31/2015,0,134052000,SMTS,171222000
12/31/2014,0,172614000,SMTS,153569000
3/31/2018,0,170039000,SVM,104544000
3/31/2017,0,163471000,SVM,95925000
3/31/2016,0,107940000,SVM,95119000
3/31/2015,0,128465000,SVM,194502000
12/31/2017,0,0,SILV,4304.484
12/31/2016,0,0,SILV,1530.284
12/31/2015,0,0,SILV,1322.438
12/31/2017,0,0,XPL,1914000
12/31/2016,0,0,XPL,2799000
12/31/2015,0,0,XPL,2065000
12/31/2014,0,0,XPL,2488000
12/31/2017,0,21256.671,SGB,15813.654
12/31/2016,0,20100.274,SGB,14898.196
12/31/2015,0,18230.396,SGB,14013.972
12/31/2014,0,18013.183,SGB,14324.865
12/31/2017,0,85637000,LOV,90740000
12/31/2016,0,73491000,LOV,70014000
12/31/2015,0,60442000,LOV,59514000
12/31/2017,0,326250000,SRCI,172222000
12/31/2016,0,101417000,SRCI,104922000
12/31/2015,0,93102000,SRCI,107943000
8/31/2015,0,113503000,SRCI,67625000
12/31/2017,1900000,285801000,SDI,237980000
12/31/2016,1800000,206228000,SDI,162643000
12/31/2015,1400000,197256000,SDI,152745000
6/30/2018,0,52169000,SSY,54163000
6/30/2017,0,52850000,SSY,55933000
6/30/2016,0,62803000,SSY,68468000
6/30/2015,0,73383000,SSY,72163000
12/31/2017,0,15595.659,SDPI,15371.136
12/31/2016,0,7153.063,SDPI,14136.878
12/31/2015,0,12706.372,SDPI,18259.008
12/31/2014,0,20036.895,SDPI,17759.333
12/31/2017,18784000,0,SYN,26251000
12/31/2016,29109000,0,SYN,39252000
12/31/2015,32906000,0,SYN,40980000
12/31/2014,14489000,0,SYN,20502000
12/31/2017,0,12922.388,TKAT,14754.07
12/31/2016,0,19143.429,TKAT,10700.913
12/31/2015,0,11335.941,TKAT,4468.08
12/31/2014,0,4719.862,TKAT,3040.364
8/31/2017,0,0,TRX,4818.422
8/31/2016,0,0,TRX,6214.793
8/31/2015,0,0,TRX,6113.76
8/31/2014,0,0,TRX,5509.927
12/31/2017,0,378299000,TGB,281178000
12/31/2016,0,263865000,TGB,286374000
12/31/2015,0,289298000,TGB,292123000
12/31/2014,0,342946000,TGB,362569000
12/31/2017,0,5263000,TGC,6028000
12/31/2016,0,4672000,TGC,5965000
12/31/2015,0,6164000,TGC,8969000
12/31/2014,0,13788000,TGC,11345000
12/31/2017,0,3751.242,GLU,1192.931
12/31/2016,0,4203.787,GLU,992.582
12/31/2015,0,3678.844,GLU,1229.034
12/31/2014,0,4836.368,GLU,1284.536
12/31/2017,0,263647000,TMP,163215000
12/31/2016,0,245123000,TMP,152634000
12/31/2015,0,237376000,TMP,150857000
12/31/2014,0,232269000,TMP,149692000
12/31/2017,0,56639000,TAT,50258000
12/31/2016,0,68595000,TAT,71828000
12/31/2015,0,85064000,TAT,71625000
12/31/2014,0,138830000,TAT,86714000
12/31/2017,0,0,TRXC,0
12/31/2016,29273000,1519000,TRXC,57273000
12/31/2015,29669000,0,TRXC,42540000
12/31/2014,27944000,401000,TRXC,37010000
11/30/2017,0,0,TMQ,18980000
11/30/2016,0,0,TMQ,8513000
11/30/2015,0,0,TMQ,8267000
11/30/2014,0,0,TMQ,7497000
12/31/2017,0,805000,TPHS,9413000
12/31/2016,0,1746000,TPHS,8791000
12/31/2015,0,1009.2,TPHS,9099.6
2/28/2015,0,516000,TPHS,4152000
6/30/2018,451000,42361000,TRT,40250000
6/30/2017,208000,38538000,TRT,37002000
6/30/2016,200000,34454000,TRT,33010000
6/30/2015,182000,33932000,TRT,32754000
12/31/2017,0,175287.982,UFAB,163963.312
1/1/2017,0,170462.953,UFAB,157257.421
1/3/2016,0,143309.634,UFAB,132292.474
1/4/2015,0,126480.235,UFAB,115725.483
12/31/2017,0,10229.978,UAMY,11189.677
12/31/2016,0,11890.135,UAMY,12826.986
12/31/2015,0,13109.003,UAMY,14974.94
12/31/2014,0,10772.192,UAMY,12360.531
3/31/2018,653.899,14873.189,UUU,15599.424
3/31/2017,682.508,14083.428,UUU,15061.568
3/31/2016,665.278,13740.84,UUU,15107.018
3/31/2015,776.778,9891.554,UUU,12515.806
12/31/2017,2042.732,7778.749,UQM,13063.251
12/31/2016,3061.541,5627.285,UQM,20158.81
3/31/2016,3459.746,5306.799,UQM,12869.126
3/31/2015,4538.082,4015.744,UQM,10874.416
12/31/2017,0,0,URG,0
12/31/2016,0,27305000,URG,27034000
12/31/2015,0,41877000,URG,43733000
12/31/2014,0,29349000,URG,36328000
7/31/2017,0,0,UEC,15218.433
7/31/2016,0,0,UEC,14331.743
7/31/2015,0,3080000,UEC,23415.842
7/31/2014,0,0,UEC,22826.763
12/31/2017,2674000,1547000,VHC,18868000
12/31/2016,2499000,1550000,VHC,30055000
12/31/2015,2277000,1555000,VHC,30732000
12/31/2014,2004000,1249000,VHC,36414000
12/31/2017,0,0,VGZ,0
12/31/2016,0,0,VGZ,7865000
12/31/2015,0,0,VGZ,9419000
12/31/2014,0,0,VGZ,9254000
12/31/2017,0,0,VNRX,0
12/31/2016,7904.988,0,VNRX,12430.213
12/31/2015,6101.718,0,VNRX,10005.719
12/31/2014,4044.023,0,VNRX,5952.2
10/29/2017,0,1194436000,VISI,1204171000
10/30/2016,0,1334747000,VISI,1336183000
11/1/2015,0,1496897000,VISI,1499396000
11/2/2014,0,1710028000,VISI,1702735000
4/30/2018,0,52776.327,EAD,5750.897
4/30/2017,0,60008.005,EAD,4825.003
4/30/2016,0,61507.286,EAD,4588.163
4/30/2015,0,61556.421,EAD,5994.694
10/31/2017,0,46138.803,ERC,5835.809
10/31/2016,0,53361.42,ERC,5413.257
10/31/2015,0,54355.894,ERC,5721.109
10/31/2014,0,56205.024,ERC,5885.702
8/31/2017,0,9578.869,ERH,1115.229
8/31/2016,0,9276.524,ERH,1134.253
8/31/2015,0,9882.824,ERH,1262.05
8/31/2014,0,10316.308,ERH,1122.764
12/31/2017,0,0,WRN,1832.698
12/31/2016,0,0,WRN,1846.163
12/31/2015,0,0,WRN,1983.077
12/31/2014,0,0,WRN,1881.601
12/31/2017,219.141,75884.246,WYY,78309.415
12/31/2016,699.013,78420.864,WYY,82584.118
12/31/2015,673.093,70838.017,WYY,76299.978
12/31/2014,480.123,53316.21,WYY,57716.918
12/31/2017,4395000,46078000,WTT,47986000
12/31/2016,4046000,31327000,WTT,33875000
12/31/2015,3957.274,33109.106,WTT,32362.067
12/31/2014,3379.92,40337.368,WTT,35658.366
12/31/2017,2441.062,82612.101,XTNT,94937.47
12/31/2016,3410.6,90002.736,XTNT,96146.634
12/31/2015,2546.362,59345.717,XTNT,68599.334
12/31/2014,1443.018,35331.812,XTNT,40683.992
12/31/2017,0,25443.601,YUMA,29646.578
12/31/2016,0,14772.708,YUMA,32848.963
12/31/2015,0,18628000,YUMA,29446.135
12/31/2014,0,56226000,YUMA,47997000
7/31/2017,0,10031000,ZDGE,10678000
7/31/2016,0,11113000,ZDGE,9659000
7/31/2015,0,9052000,ZDGE,7429000
7/31/2014,0,6529000,ZDGE,6555000
12/31/2017,2712.197,0,ZOM,0
12/31/2016,1499.325,0,ZOM,5726.196
12/31/2015,707.838,0,ZOM,2288.243
