Date,Research & Development Cost,Revenue,Ticker,Total Operating Expences
12/31/2017,94627000,646069000,DDD,700042000
12/31/2016,88395000,632965000,DDD,660685000
12/31/2015,92770000,666163000,DDD,759626000
12/31/2014,75395000,653652000,DDD,619343000
12/31/2017,1842000000,31657000000,MMM,24324000000
12/31/2016,1735000000,30109000000,MMM,22997000000
12/31/2015,1751000000,30274000000,MMM,23261000000
12/31/2014,1770000000,31821000000,MMM,24686000000
12/31/2017,64141000,131323000,WBAI,463425000
12/31/2016,67695000,10928000,WBAI,367550000
12/31/2015,59996000,99552000,WBAI,405160000
12/31/2014,56298000,579717000,WBAI,428569000
12/31/2017,1193441000,10068780000,WUBA,8272315000
12/31/2016,885697000,7592127000,WUBA,7358420000
12/31/2015,574096000,4478098000,WUBA,6058313000
12/31/2014,268336000,1628120000,WUBA,1586815000
3/31/2018,34797000,296500000,EGHT,328927000
3/31/2017,27452000,253388000,EGHT,260057000
3/31/2016,24040000,209336000,EGHT,215410000
3/31/2015,15118000,162413000,EGHT,159531000
12/31/2017,0,248626000,AHC,255335000
12/31/2016,0,259984000,AHC,261048000
12/31/2015,0,272108000,AHC,290403000
12/31/2014,0,272788000,AHC,280474000
12/31/2017,62991000,235429000,ATEN,245801000
12/31/2016,60700000,227297000,ATEN,245778000
12/31/2015,54843000,196285000,ATEN,234390000
12/31/2014,49903000,179507000,ATEN,212615000
12/31/2017,0,280727000,AAC,263701000
12/31/2016,0,258285000,AAC,247538000
12/31/2015,0,194148000,AAC,171040000
12/31/2014,0,121577000,AAC,109545000
5/31/2018,0,1748300000,AIR,1662300000
5/31/2017,0,1590800000,AIR,1508500000
5/31/2016,0,1525400000,AIR,1449900000
5/31/2015,0,1621400000,AIR,1638300000
12/31/2017,0,3383708000,AAN,2959390000
12/31/2016,0,3207716000,AAN,2817164000
12/31/2015,0,3179756000,AAN,2802411000
12/31/2014,0,2695033000,AAN,2432752000
12/31/2017,1371000000,34312000000,ABB,30978000000
12/31/2016,1305000000,33828000000,ABB,30336000000
12/31/2015,1368000000,35481000000,ABB,31818000000
12/31/2014,1499000000,39830000000,ABB,36155000000
12/31/2017,2158000000,27390000000,ABT,24450000000
12/31/2016,1358000000,20853000000,ABT,17576000000
12/31/2015,1371000000,20405000000,ABT,17443000000
12/31/2014,1286000000,20247000000,ABT,17359000000
12/31/2017,4982000000,28216000000,ABBV,17573000000
12/31/2016,4366000000,25638000000,ABBV,16015000000
12/31/2015,4101000000,22859000000,ABBV,14003000000
12/31/2014,3297000000,19960000000,ABBV,14460000000
2/3/2018,0,3492690000,ANF,3398179000
1/28/2017,0,3326740000,ANF,3322304000
1/30/2016,0,3518680000,ANF,3411699000
1/31/2015,0,3744030000,ANF,3578793000
10/31/2017,0,5453600000,ABM,5325200000
10/31/2016,0,5144700000,ABM,5033300000
10/31/2015,0,4897800000,ABM,4806900000
10/31/2014,0,4649700000,ABM,4534900000
12/31/2017,0,258273000,AKR,218488000
12/31/2016,0,221677000,AKR,168050000
12/31/2015,0,230885000,AKR,149601000
12/31/2014,0,291651000,AKR,128749000
8/31/2017,0,34850182000,ACN,29707780000
8/31/2016,0,32882723000,ACN,28072278000
8/31/2015,0,31047931000,ACN,26547680000
8/31/2014,0,30002394000,ACN,25719897000
12/31/2017,0,1948800000,ACCO,1717700000
12/31/2016,0,1557100000,ACCO,1371600000
12/31/2015,0,1510400000,ACCO,1349000000
12/31/2014,0,1689200000,ACCO,1510100000
12/31/2017,0,20290.287,ATV,24472.945
12/31/2016,0,16478.455,ATV,24616.043
12/31/2015,0,22956.165,ATV,36706.592
12/31/2014,0,94754.722,ATV,139629.14
8/31/2017,0,1095784000,ATU,1014029000
8/31/2016,0,1149410000,ATU,1069305000
8/31/2015,0,1249254000,ATU,1111347000
8/31/2014,0,1399862000,ATU,1209749000
8/31/2017,52000000,3505100000,AYI,2973400000
8/31/2016,47100000,3291300000,AYI,2785200000
8/31/2015,41100000,2706700000,AYI,2314800000
8/31/2014,35300000,2393500000,AYI,2100400000
12/31/2017,48148000,1560258000,GOLF,1393950000
12/31/2016,48804000,1572275000,GOLF,1429766000
12/31/2015,45977000,1502958000,GOLF,1383732000
12/31/2014,44243000,1537610000,GOLF,1433363000
12/31/2017,0,31101.851,ADX,9366.187
12/31/2016,0,28274.7,ADX,9366.084
12/31/2015,0,26670.192,ADX,9881.447
12/31/2014,0,27711.711,ADX,8591.52
12/31/2017,0,0,PEO,0
12/31/2016,0,16645.327,PEO,5108.373
12/31/2015,0,18965.195,PEO,5804.008
12/31/2014,0,19029.362,PEO,5561.947
12/31/2017,0,933178000,AGRO,818942000
12/31/2016,0,869235000,AGRO,711383000
12/31/2015,0,674314000,AGRO,592190000
12/31/2014,0,722966000,AGRO,673665000
9/30/2017,488000000,16213000000,ADNT,15376000000
9/30/2016,460000000,16790000000,ADNT,16065000000
9/30/2015,599000000,20023000000,ADNT,19264000000
9/30/2014,667000000,22041000000,ADNT,21396000000
12/31/2017,0,4315502000,ADT,4011063000
12/31/2016,0,2949766000,ADT,2792081000
12/31/2015,0,549276000,ADT,545457000
12/31/2014,0,466557000,ADT,414003000
6/30/2018,0,1231211000,ATGE,1005296000
6/30/2017,0,1207909000,ATGE,1007288000
6/30/2016,0,1080075000,ATGE,921596000
6/30/2015,0,1909943000,ATGE,1708340000
12/30/2017,0,9373784000,AAP,8713640000
12/31/2016,0,9567679000,AAP,8704453000
1/2/2016,0,9737018000,AAP,8900238000
1/3/2015,0,9843861000,AAP,8898098000
12/31/2017,0,0,ADSW,0
12/31/2016,0,1404600000,ADSW,1270100000
12/31/2015,0,1396400000,ADSW,1279700000
12/31/2014,0,1403000000,ADSW,1315400000
3/31/2018,0,1330354000,WMS,1223624000
3/31/2017,0,1257261000,WMS,1171332000
3/31/2016,0,1290678000,WMS,1195826000
3/31/2015,0,1180073000,WMS,1140722000
12/31/2017,0,0,AAV,86442000
12/31/2016,0,157033000,AAV,168924000
12/31/2015,0,126474000,AAV,87026000
12/31/2014,0,205577000,AAV,75268000
10/31/2017,0,26789.743,AVK,5910.947
10/31/2016,0,28601.533,AVK,5740.51
10/31/2015,0,26181.889,AVK,6140.986
10/31/2014,0,27732.712,AVK,6423.709
9/30/2017,0,18203402000,ACM,17652991000
9/30/2016,0,17410825000,ACM,16883089000
9/30/2015,0,17989880000,ACM,17568667000
9/30/2014,0,8356783000,ACM,8034515000
12/31/2017,0,5674287000,ANW,5651651000
12/31/2016,0,4076219000,ANW,3975828000
12/31/2015,0,4231654000,ANW,4149642000
12/31/2014,0,6661801000,ANW,6586959000
12/31/2017,0,53863000000,AEB,51678000000
12/31/2016,0,49784000000,AEB,48401000000
12/31/2015,0,34642000000,AEB,33123000000
1/1/2015,0,43225000000,AEB,41957000000
12/31/2017,0,53863000000,AED,51678000000
12/31/2016,0,49784000000,AED,48401000000
12/31/2015,0,34642000000,AED,33123000000
1/1/2015,0,43225000000,AED,41957000000
12/31/2017,0,53863000000,AEG,51678000000
12/31/2016,0,49784000000,AEG,48401000000
12/31/2015,0,34642000000,AEG,33123000000
1/1/2015,0,43225000000,AEG,41957000000
12/31/2017,0,53863000000,AEH,51678000000
12/31/2016,0,49784000000,AEH,48401000000
12/31/2015,0,34642000000,AEH,33123000000
1/1/2015,0,43225000000,AEH,41957000000
12/31/2017,0,4987793000,AER,2613339000
12/31/2016,0,5043031000,AER,2724878000
12/31/2015,0,5287455000,AER,2746724000
12/31/2014,0,3571659000,AER,1723692000
12/31/2017,36418000,152899000,HIVE,175067000
12/31/2016,41504000,169825000,HIVE,204302000
12/31/2015,36924000,151659000,HIVE,193925000
12/31/2014,27546000,137292000,HIVE,164337000
12/31/2017,0,1877200000,AJRD,1760000000
12/31/2016,0,1761300000,AJRD,1665000000
12/31/2015,0,1155600000,AJRD,997200000
11/30/2015,32100000,1708300000,AJRD,1621400000
12/31/2017,0,60535000000,AET,55555000000
12/31/2016,0,63155000000,AET,57639000000
12/31/2015,0,60227000000,AET,55459000000
12/31/2014,0,58003000000,AET,53890000000
12/31/2017,0,2305000000,AMG,1499300000
12/31/2016,0,2194600000,AMG,1489300000
12/31/2015,0,2484500000,AMG,1649500000
12/31/2014,0,2510900000,AMG,1695700000
12/31/2017,0,21808000000,AFL,17409000000
12/31/2016,0,22631000000,AFL,18224000000
12/31/2015,0,20918000000,AFL,16721000000
12/31/2014,0,22610000000,AFL,17920000000
12/31/2017,0,128771.338,MITT,21335.189
12/31/2016,0,84479.737,MITT,20802.661
12/31/2015,0,35083.984,MITT,23163.664
12/31/2014,0,130209.826,MITT,22795.443
12/31/2017,323100000,8306500000,AGCO,7892000000
12/31/2016,296100000,7410500000,AGCO,7110200000
12/31/2015,282200000,7467300000,AGCO,7083900000
12/31/2014,337000000,9723700000,AGCO,9030800000
10/31/2017,339000000,4472000000,A,3589000000
10/31/2016,325000000,4202000000,A,3504000000
10/31/2015,327000000,4038000000,A,3513000000
10/31/2014,358000000,4048000000,A,3629000000
12/31/2017,0,2242604000,AEM,1806058000
12/31/2016,0,2138232000,AEM,1802641000
12/31/2015,0,1985432000,AEM,1828405000
12/31/2014,0,1896766000,AEM,1605047000
12/31/2017,0,116555000,ADC,54368000
12/31/2016,0,91527000,ADC,40018000
12/31/2015,0,69966000,ADC,29853000
12/31/2014,0,53559000,ADC,22648000
12/31/2017,0,1516380000,AL,619479000
12/31/2016,0,1419055000,AL,552616000
12/31/2015,0,1222840000,AL,491743000
12/31/2014,0,1050493000,AL,435127000
9/30/2017,57800000,8187600000,APD,6474300000
9/30/2016,71600000,7503700000,APD,5891500000
9/30/2015,76400000,7824300000,APD,6420000000
9/30/2014,139800000,10439000000,APD,8785800000
12/31/2017,0,793720000,AYR,378445000
12/31/2016,0,767858000,AYR,369761000
12/31/2015,0,806302000,AYR,373583000
12/31/2014,0,808394000,AYR,352169000
12/31/2017,0,6080500000,AKS,5798000000
12/31/2016,0,5882500000,AKS,5514700000
12/31/2015,0,6692900000,AKS,6446900000
12/31/2014,0,6505700000,AKS,6353600000
12/31/2017,9849000,0,ALG,0
12/31/2016,8847000,844748000,ALG,777128000
12/31/2015,8590000,879577000,ALG,810309000
12/31/2014,8427000,839055000,ALG,770872000
12/31/2017,0,542800000,AGI,486800000
12/31/2016,0,482200000,AGI,460900000
12/31/2015,0,355100000,AGI,505000000
12/31/2014,0,288300000,AGI,391200000
12/31/2017,0,7933000000,ALK,6562000000
12/31/2016,0,5931000000,ALK,4478000000
12/31/2015,0,5598000000,ALK,4268000000
12/31/2014,0,5368000000,ALK,4459000000
12/31/2017,41174000,863717000,AIN,771275000
12/31/2016,40304000,779839000,AIN,674320000
12/31/2015,44753000,709868000,AIN,622127000
12/31/2014,59128000,745345000,AIN,660036000
12/31/2017,84330000,3071976000,ALB,2484227000
12/31/2016,79075000,2677203000,ALB,2166166000
12/31/2015,89187000,2826429000,ALB,2299923000
12/31/2014,88310000,2445548000,ALB,2118145000
12/31/2017,32000000,11652000000,AA,10149000000
12/31/2016,33000000,9318000000,AA,9017000000
12/31/2015,69000000,11199000000,AA,10137000000
12/31/2014,95000000,13147000000,AA,11931000000
12/31/2017,0,425500000,ALEX,406000000
12/31/2016,0,406700000,ALEX,332900000
12/31/2015,0,509600000,ALEX,382500000
12/31/2014,0,458100000,ALEX,379600000
12/31/2017,0,230574000,ALX,125304000
12/31/2016,0,226936000,ALX,121475000
12/31/2015,0,207915000,ALX,112710000
12/31/2014,0,200814000,ALX,104125000
12/31/2017,0,1129417000,ARE,817401000
12/31/2016,0,921522000,ARE,655682000
12/31/2015,0,845125000,ARE,582142000
12/31/2014,0,727431000,ARE,496790000
12/31/2017,0,0,AQN,0
12/31/2016,0,1096018000,AQN,861564000
12/31/2015,0,1027855000,AQN,845915000
12/31/2014,0,941614000,AQN,803663000
3/31/2018,22754000000,250266000000,BABA,179657000000
3/31/2017,17060000000,158273000000,BABA,109361000000
3/31/2016,13788000000,101143000000,BABA,71586000000
3/31/2015,10658000000,76204000000,BABA,52894000000
12/31/2017,0,6424655000,Y,6304895000
12/31/2016,0,6131019000,Y,5401615000
12/31/2015,0,4999478000,Y,4150332000
12/31/2014,0,5231809000,Y,4209848000
12/31/2017,0,3525100000,ATI,3330400000
12/31/2016,0,3134600000,ATI,3208500000
12/31/2015,0,3719600000,ATI,3898100000
12/31/2014,0,4223400000,ATI,4116600000
12/31/2017,0,2408200000,ALLE,1903000000
12/31/2016,0,2238000000,ALLE,1809400000
12/31/2015,0,2068100000,ALLE,1672300000
12/31/2014,0,2118300000,ALLE,1751600000
12/31/2017,1993600000,15940700000,AGN,16044200000
12/31/2016,2581200000,14570600000,AGN,15137400000
12/31/2015,2086400000,12688100000,AGN,12672600000
12/31/2014,583800000,4676500000,AGN,5336000000
12/31/2017,0,1419300000,ALE,1190200000
12/31/2016,0,1339700000,ALE,1126500000
12/31/2015,0,1486400000,ALE,1236700000
12/31/2014,0,1136800000,ALE,948000000
12/31/2017,0,7719400000,ADS,6355600000
12/31/2016,0,7138100000,ADS,6082900000
12/31/2015,0,6439700000,ADS,5328600000
12/31/2014,0,5302900000,ADS,4227200000
3/31/2018,0,1845966000,AOI,1741473000
3/31/2017,0,1714750000,AOI,1629333000
3/31/2016,0,1904592000,AOI,1803715000
3/31/2015,0,2066865000,AOI,1965738000
12/31/2017,0,232393000,AB,0
12/31/2016,0,239389000,AB,0
12/31/2015,0,210084000,AB,0
12/31/2014,0,200931000,AB,0
12/31/2017,0,3382200000,LNT,2728800000
12/31/2016,0,3320000000,LNT,2696600000
12/31/2015,0,3253600000,LNT,2668600000
12/31/2014,0,3350300000,LNT,2806700000
1/31/2018,0,41504.57,NFJ,13396.017
1/31/2017,0,46475.641,NFJ,13146.754
1/31/2016,0,51040.539,NFJ,14541.767
1/31/2015,0,54706.94,NFJ,16441.545
12/31/2017,105000000,2262000000,ALSN,1578000000
12/31/2016,88000000,1840000000,ALSN,1388000000
12/31/2015,93000000,1986000000,ALSN,1476000000
12/31/2014,103800000,2127400000,ALSN,1599200000
12/31/2017,0,38524000000,ALL,33984000000
12/31/2016,0,36534000000,ALL,33460000000
12/31/2015,0,35653000000,ALL,32043000000
12/31/2014,0,35239000000,ALL,30588000000
12/31/2017,0,5773000000,ALLY,4252000000
12/31/2016,0,6195000000,ALLY,4610000000
12/31/2015,0,6658000000,ALLY,4920000000
12/31/2014,0,6529000000,ALLY,5093000000
12/31/2017,29342000,131607000,AYX,148716000
12/31/2016,17481000,85790000,AYX,108812000
12/31/2015,11103000,53821000,AYX,74907000
12/31/2014,7787000,37984000,AYX,58196000
12/31/2017,0,9306950000,ATUS,8313541000
12/31/2016,0,6017212000,ATUS,5314008000
12/31/2015,0,6509743000,ATUS,5635559000
12/31/2014,0,6460946000,ATUS,5534871000
12/31/2017,0,19494000000,MO,9788000000
12/31/2016,0,19337000000,MO,10038000000
12/31/2015,0,18854000000,MO,10231000000
12/31/2014,0,17945000000,MO,10097000000
12/31/2017,0,180080750000,ACH,172198951000
12/31/2016,0,144228916000,ACH,139063824000
12/31/2015,0,123475434000,ACH,125171875000
12/31/2014,0,141999830000,ACH,146362271000
12/31/2017,14941.394,79076.11,AMBR,90454.268
12/31/2016,15374.631,73161.19,AMBR,89036.645
12/31/2015,15502.035,67109.92,AMBR,94475.588
12/31/2014,9745.137,64833.466,AMBR,91755.595
12/31/2017,0,47899300000,ABEV,31532500000
12/31/2016,0,45602600000,ABEV,29808000000
12/31/2015,0,46720200000,ABEV,27735100000
12/31/2014,0,38079800000,ABEV,22278700000
12/31/2017,0,0,AMC,4867800000
12/31/2016,0,3235900000,AMC,2957400000
12/31/2015,0,2946900000,AMC,2699700000
12/31/2014,0,2695390000,AMC,2506662000
12/31/2017,0,6177000000,AEE,4719000000
12/31/2016,0,5868000000,AEE,4487000000
12/31/2015,0,5885000000,AEE,4557000000
12/31/2014,0,5838000000,AEE,4584000000
12/31/2017,0,0,AMRC,0
12/31/2016,0,651227000,AMRC,621251000
12/31/2015,0,630832000,AMRC,617175000
12/31/2014,0,593241000,AMRC,580090000
12/31/2017,0,1021633535000,AMOV,911519989000
12/31/2016,0,975412488000,AMOV,874972632000
12/31/2015,0,893737739000,AMOV,757898821000
12/31/2014,0,848580000000,AMOV,696661224000
12/31/2017,0,1021633535000,AMX,911519989000
12/31/2016,0,975412488000,AMX,874972632000
12/31/2015,0,893737739000,AMX,757898821000
12/31/2014,0,848580000000,AMX,696661224000
12/31/2017,0,310529000,AAT,216883000
12/31/2016,0,290577000,AAT,192636000
12/31/2015,0,271215000,AAT,177064000
12/31/2014,0,256019000,AAT,172350000
12/31/2017,0,6266000000,AXL,5587400000
12/31/2016,0,3948000000,AXL,3541100000
12/31/2015,0,3903100000,AXL,3545000000
12/31/2014,103900000,3696000000,AXL,3428400000
12/31/2017,0,796447000,ACC,634077000
12/31/2016,0,786361000,ACC,608323000
12/31/2015,0,753381000,ACC,596477000
12/31/2014,0,733915000,ACC,576486000
2/3/2018,0,3795549000,AEO,3464481000
1/28/2017,0,3609865000,AEO,3255723000
1/30/2016,0,3521848000,AEO,3197170000
1/31/2015,0,3282867000,AEO,3069482000
12/31/2017,0,15424900000,AEP,11993700000
12/31/2016,0,16380100000,AEP,12905200000
12/31/2015,0,16453200000,AEP,13119700000
12/31/2014,0,16378600000,AEP,13251200000
12/31/2017,0,3910244000,AEL,3530889000
12/31/2016,0,2220764000,AEL,2049329000
12/31/2015,0,1521278000,AEL,1140535000
12/31/2014,0,2186338000,AEL,1921217000
12/31/2017,0,30466000000,AXP,22905000000
12/31/2016,0,29909000000,AXP,22641000000
12/31/2015,0,30747000000,AXP,22519000000
12/31/2014,0,32001000000,AXP,22904000000
12/31/2017,0,6684000000,AFG,5729000000
12/31/2016,0,6345000000,AFG,5377000000
12/31/2015,0,6194000000,AFG,5310000000
12/31/2014,0,5651000000,AFG,4921000000
12/31/2017,0,6684000000,AFGE,5729000000
12/31/2016,0,6345000000,AFGE,5377000000
12/31/2015,0,6194000000,AFGE,5310000000
12/31/2014,0,5651000000,AFGE,4921000000
12/31/2017,0,960399000,AMH,756808000
12/31/2016,0,878889000,AMH,719779000
12/31/2015,0,630576000,AMH,563034000
12/31/2014,0,398874000,AMH,374863000
12/31/2017,0,49553000000,AIG,46648000000
12/31/2016,0,51209000000,AIG,50955000000
12/31/2015,0,58239000000,AIG,52490000000
12/31/2014,0,63587000000,AIG,51556000000
12/31/2017,0,651554000,AMID,740452000
12/31/2016,0,590643000,AMID,630532000
12/31/2015,0,748959000,AMID,784728000
12/31/2014,0,726154000,AMID,755558000
12/31/2017,0,126530000,ARL,108793000
12/31/2016,0,120156000,ARL,105029000
12/31/2015,0,104616000,ARL,92580000
12/31/2014,0,79759000,ARL,82611000
12/31/2017,0,0,ARA,621765000
12/31/2016,0,749767000,ARA,612292000
12/31/2015,0,652981000,ARA,500045000
12/31/2014,0,560734000,ARA,421400000
12/31/2017,0,440603000,AWR,321845000
12/31/2016,0,436087000,AWR,321371000
12/31/2015,0,458641000,AWR,340152000
12/31/2014,0,465791000,AWR,346746000
12/31/2017,0,6663900000,AMT,4456500000
12/31/2016,0,5785668000,AMT,3853263000
12/31/2015,0,4771516000,AMT,3092031000
12/31/2014,0,4100048000,AMT,2544600000
12/31/2017,26076000,355047000,AVD,328253000
12/31/2016,21298000,312113000,AVD,291573000
12/31/2015,19116000,289382000,AVD,277858000
12/31/2014,21206000,298634000,AVD,291924000
12/31/2017,0,3357000000,AWK,2151000000
12/31/2016,0,3302000000,AWK,2155000000
12/31/2015,0,3159000000,AWK,2087000000
12/31/2014,0,3011000000,AWK,2010000000
12/31/2017,0,1542224000,COLD,1390863000
12/31/2016,0,1489871000,COLD,1358497000
12/31/2015,0,1477847000,COLD,1362679000
12/31/2014,0,1489608000,COLD,1403580000
9/30/2017,0,2453495000,APU,2063440000
9/30/2016,0,2311817000,APU,1879375000
9/30/2015,0,2885322000,APU,2518873000
9/30/2014,0,3712935000,APU,3256826000
12/31/2017,0,12075000000,AMP,8950000000
12/31/2016,0,11739000000,AMP,9217000000
12/31/2015,0,12193000000,AMP,8973000000
12/31/2014,0,12296000000,AMP,8680000000
9/30/2017,0,153143826000,ABC,151125552000
9/30/2016,0,146849686000,ABC,145166810000
9/30/2015,0,135961803000,ABC,134654458000
9/30/2014,0,119569127000,ABC,118380541000
3/31/2017,0,551879.799,ANFI,482952.91
3/31/2016,0,564407.352,ANFI,496382.823
3/31/2015,0,700231.295,ANFI,611265.682
3/31/2014,0,547504.432,ANFI,474185.469
12/31/2017,0,1988454000,AMN,1776014000
12/31/2016,0,1902225000,AMN,1710593000
12/31/2015,0,1463065000,AMN,1334186000
12/31/2014,0,1036027000,AMN,968124000
12/31/2017,157550000,1033654000,AMRX,784881000
12/31/2016,168137000,1018225000,AMRX,744483000
12/31/2015,136870000,866280000,AMRX,639050000
12/31/2014,106735000,785623000,AMRX,562681000
12/31/2017,0,432401000,AP,441369000
12/31/2016,0,331866000,AP,352078000
12/31/2015,0,238480000,AP,244005000
12/31/2014,0,272858000,AP,267795000
12/31/2017,193700000,7011300000,APH,5579700000
12/31/2016,166100000,6286400000,APH,5044600000
12/31/2015,124700000,5568700000,APH,4458300000
12/31/2014,114800000,5345500000,APH,4296800000
4/30/2018,0,38368000,AXR,36665000
4/30/2017,0,40872000,AXR,41053000
4/30/2016,0,41664000,AXR,47838000
4/30/2015,0,49790000,AXR,52815000
12/31/2017,0,4300170000,AME,3368276000
12/31/2016,0,3840087000,AME,2998690000
12/31/2015,0,3974295000,AME,3029979000
12/31/2014,0,4021964000,AME,3104478000
12/31/2017,0,5963595000,AFSS,6412807000
12/31/2016,0,5458049000,AFSS,4936512000
12/31/2015,0,4622492000,AFSS,4099638000
12/31/2014,0,4022815000,AFSS,3563043000
12/31/2017,0,10969000000,APC,12561000000
12/31/2016,0,8447000000,APC,10127000000
12/31/2015,0,9486000000,APC,17028000000
12/31/2014,0,16375000000,APC,12475000000
12/31/2017,0,34204000000,ANDV,32432000000
12/31/2016,0,24005000000,ANDV,22515000000
12/31/2015,0,28150000000,ANDV,25281000000
12/31/2014,0,40052000000,ANDV,38416000000
12/31/2017,0,3213000000,ANDX,2539000000
12/31/2016,0,1220000000,ANDX,729000000
12/31/2015,0,1112000000,ANDX,718000000
12/31/2014,0,600000000,ANDX,421000000
12/31/2017,0,4356000000,AU,3845000000
12/31/2016,0,4085000000,AU,3542000000
12/31/2015,0,4015000000,AU,3611000000
12/31/2014,0,4952000000,AU,4207000000
12/31/2017,0,0,BUD,0
12/31/2016,0,45517000000,BUD,32348000000
12/31/2015,0,43604000000,BUD,29709000000
12/31/2014,0,47063000000,BUD,31884000000
12/29/2017,0,7927400000,AXE,7606300000
12/30/2016,0,7622800000,AXE,7309800000
1/1/2016,0,6190500000,AXE,5884400000
1/2/2015,0,5507000000,AXE,5189700000
12/31/2017,0,1976055000,NLY,239924000
12/31/2016,0,1743312000,NLY,221869000
12/31/2015,0,913461000,NLY,200240000
12/31/2014,0,175500000,NLY,209338000
12/31/2017,0,69720000,AMGP,41134000
12/31/2016,0,16944000,AMGP,814000
12/31/2015,0,1264000,AMGP,0
12/31/2017,0,772497000,AM,410912000
12/31/2016,0,586352000,AM,315611000
12/31/2015,0,387324000,AM,216728000
12/31/2014,0,266274000,AM,132216000
12/31/2017,0,3018685000,AR,2255161000
12/31/2016,0,2161071000,AR,3234507000
12/31/2015,0,1573357000,AR,-293080000
12/31/2014,0,1812431000,AR,469082000
12/31/2017,0,90048600000,ANTM,85054200000
12/31/2016,0,84862800000,ANTM,79584600000
12/31/2015,0,79158400000,ANTM,73881800000
12/31/2014,0,73885700000,ANTM,68824200000
12/31/2017,0,67677000,ANH,13305000
12/31/2016,0,36712000,ANH,14219000
12/31/2015,0,28684000,ANH,13980000
12/31/2014,0,46373000,ANH,17754000
12/31/2017,0,9998000000,AON,8366000000
12/31/2016,0,9409000000,AON,7771000000
12/31/2015,0,9480000000,AON,7717000000
12/31/2014,0,12019000000,AON,10044000000
12/31/2017,0,5792000000,APA,5077000000
12/31/2016,0,5238000000,APA,6325000000
12/31/2015,0,6360000000,APA,16128000000
12/31/2014,0,12249000000,APA,16274000000
12/31/2017,0,992194000,AIV,762330000
12/31/2016,0,974531000,AIV,727735000
12/31/2015,0,956954000,AIV,700739000
12/31/2014,0,952831000,AIV,688681000
12/31/2017,0,1009591000,APY,903720000
12/31/2016,0,751337000,APY,746256000
12/31/2015,0,1076680000,APY,966534000
12/31/2017,0,255464000,ARI,52377000
12/31/2016,0,185617000,ARI,37021000
12/31/2015,0,143303000,ARI,26111000
12/31/2014,0,96806000,ARI,18111000
12/31/2017,0,2557300000,APO,1297260000
12/31/2016,0,1926902000,APO,1082012000
12/31/2015,0,1011599000,APO,801707000
12/31/2014,0,1537690000,APO,964289000
12/31/2017,0,1238622000,APLE,980946000
12/31/2016,0,1041025000,APLE,815303000
12/31/2015,0,898314000,APLE,710101000
12/31/2014,0,803896000,APLE,638308000
6/30/2018,0,3073274000,AIT,2838743000
6/30/2017,0,2593746000,AIT,2419156000
6/30/2016,0,2519428000,AIT,2357033000
6/30/2015,0,2751561000,AIT,2566942000
12/31/2017,0,2469283000,ATR,2145556000
12/31/2016,0,2330934000,ATR,2012217000
12/31/2015,0,2317149000,ATR,2000404000
12/31/2014,0,2597809000,ATR,2291393000
12/31/2017,0,12884000000,APTV,11362000000
12/31/2016,0,12274000000,APTV,10585000000
12/31/2015,0,10864000000,APTV,9583000000
12/31/2014,0,15499000000,APTV,13594000000
12/31/2017,0,809525000,WTR,480558000
12/31/2016,0,819875000,WTR,494290000
12/31/2015,0,814204000,WTR,491524000
12/31/2014,0,779903000,WTR,465544000
12/31/2017,44763000,103371000,AQ,106321000
12/31/2016,36553000,86675000,AQ,83088000
12/31/2015,37286000,80807000,AQ,88837000
12/31/2014,27343000,24500000,AQ,50077000
12/31/2017,0,0,WAAS,133497000
12/31/2016,0,114100000,WAAS,118095000
12/31/2015,0,100335000,WAAS,101627000
12/31/2014,0,67127000,WAAS,65545000
9/29/2017,0,14604412000,ARMK,13796355000
9/30/2016,0,14415829000,ARMK,13662915000
10/2/2015,0,14329135000,ARMK,13671897000
10/3/2014,0,14832913000,ARMK,14255550000
12/31/2017,0,257048000,ABR,147145000
12/31/2016,0,171439.126,ABR,105501.013
12/31/2015,0,88402.48,ABR,66466.757
12/31/2014,0,93408.111,ABR,68707.559
12/31/2017,0,394579000,ARC,376725000
12/31/2016,0,406321000,ARC,378125000
12/31/2015,0,428665000,ARC,393463000
12/31/2014,0,423756000,ARC,389371000
12/31/2017,278000000,68679000000,MT,63392000000
12/31/2016,239000000,56791000000,MT,53692000000
12/31/2015,227000000,63578000000,MT,63374000000
12/31/2014,259000000,79282000000,MT,76550000000
12/31/2017,0,2275923000,ARCH,2076451000
12/31/2016,0,1974397000,ARCH,2147830000
12/31/2015,0,2573260000,ARCH,5115944000
12/31/2014,0,2937119000,ARCH,3105405000
12/31/2017,0,60828000000,ADM,59315000000
12/31/2016,0,62346000000,ADM,60707000000
12/31/2015,0,67702000000,ADM,65721000000
12/31/2014,0,81201000000,ADM,78366000000
12/31/2017,0,794655000,AROC,717650000
12/31/2016,0,807069000,AROC,703375000
12/31/2015,0,998108000,AROC,856092000
12/31/2014,0,959153000,AROC,849312000
12/31/2017,111000000,12960000000,ARNC,11730000000
12/31/2016,132000000,12394000000,ARNC,11237000000
12/31/2015,169000000,12413000000,ARNC,11504000000
12/31/2014,123000000,12542000000,ARNC,11646000000
12/31/2017,0,3319525000,ARCO,3136693000
12/31/2016,0,2928630000,ARCO,2809020000
12/31/2015,0,3052740000,ARCO,2960643000
12/31/2014,0,3651065000,ARCO,3529262000
12/31/2017,0,1413000,RCUS,54854000
12/31/2016,0,0,RCUS,18182000
12/31/2017,0,7644000000,ARD,6937000000
12/31/2016,0,6345000000,ARD,5718000000
12/31/2015,0,5199000000,ARD,4691000000
12/31/2014,0,4733000000,ARD,4324000000
12/31/2017,0,195935.392,ASC,187422.19
12/31/2016,0,164403.938,ASC,139504.935
12/31/2015,0,157882.259,ASC,113580.301
12/31/2014,0,67326.634,ASC,61516.572
12/31/2009,0,318686000,AFC,83606000
12/31/2008,0,501112000,AFC,137634000
12/31/2007,0,461705000,AFC,174968000
12/31/2006,0,452558000,AFC,147506000
12/31/2017,0,0,ACRE,0
12/31/2016,0,45107000,ACRE,14426000
12/31/2015,0,49995000,ACRE,13671000
12/31/2014,0,37538000,ACRE,13730000
12/31/2017,0,1415499000,ARES,1221281000
12/31/2016,0,1199205000,ARES,1016420000
12/31/2015,0,814442000,ARES,727240000
12/31/2014,0,603889000,ARES,803839000
1/31/2018,0,892815000,AGX,785254000
1/31/2017,0,675047000,AGX,560814000
1/31/2016,0,413275000,AGX,338870000
1/31/2015,0,383110000,AGX,318977000
12/31/2017,0,1774100000,ARGO,1692000000
12/31/2016,0,1572800000,ARGO,1379500000
12/31/2015,0,1491300000,ARGO,1328600000
12/31/2014,0,1490400000,ARGO,1307900000
12/31/2017,349594000,1646186000,ANET,1175914000
12/31/2016,273581000,1129167000,ANET,885758000
12/31/2015,209448000,837591000,ANET,688283000
12/31/2014,148909000,584106000,ANET,458593000
12/31/2017,0,75608000,AI,18570000
12/31/2016,0,6796000,AI,16777000
12/31/2015,0,-16055000,AI,14787000
12/31/2014,0,73899000,AI,18499000
12/31/2017,0,75608000,AIW,18570000
12/31/2016,0,6796000,AIW,16777000
12/31/2015,0,-16055000,AIW,14787000
12/31/2014,0,73899000,AIW,18499000
12/31/2017,34683000,370658000,ARLO,363543000
12/31/2016,24438000,184604000,ARLO,197752000
12/31/2017,0,302771000,AHH,270944000
12/31/2016,0,258385000,AHH,231351000
12/31/2015,0,252440000,AHH,225815000
12/31/2014,0,168067000,AHH,146673000
12/31/2017,0,216985000,ARR,35831000
12/31/2016,0,-14498000,ARR,37503000
12/31/2015,0,5744000,ARR,36949000
12/31/2014,0,-141450000,ARR,37598000
12/31/2017,0,0,AFI,1134000000
12/31/2016,0,1193200000,AFI,1172600000
12/31/2015,0,1188700000,AFI,1202700000
12/31/2014,0,1220400000,AFI,1173900000
12/31/2017,0,893600000,AWI,705500000
12/31/2016,0,837300000,AWI,687000000
12/31/2015,0,805100000,AWI,679899.26
12/31/2014,0,1294300000,AWI,1161300000
12/31/2017,0,26812508000,ARW,25785687000
12/31/2016,0,23825261000,ARW,22907348000
12/31/2015,0,23282020000,ARW,22394770000
12/31/2014,0,22768674000,ARW,21888576000
12/31/2017,0,6099900000,AJG,5542600000
12/31/2016,0,5536200000,AJG,5016400000
12/31/2015,0,5301000000,AJG,4808000000
12/31/2014,0,4559500000,AJG,4130800000
12/31/2017,0,795624000,APAM,509213000
12/31/2016,0,720859000,APAM,486625000
12/31/2015,0,805469000,APAM,523084000
12/31/2014,0,828701000,APAM,521798000
11/30/2017,0,1402.806,ASA,3071.953
11/30/2016,0,1203.807,ASA,3206.059
11/30/2015,0,1658.513,ASA,3371.525
11/30/2014,0,2210.671,ASA,3669.31
12/31/2017,0,6456500000,ABG,6163700000
12/31/2016,0,6527800000,ABG,6230500000
12/31/2015,0,6588300000,ABG,6285500000
12/31/2014,0,5867700000,ABG,5597300000
12/31/2017,11747000000,290441000000,ASX,264766475000
12/31/2016,11391147000,274884107000,ASX,248008627000
12/31/2015,10937566000,283302536000,ASX,258284203000
12/31/2014,10289684000,256591447000,ASX,226373700000
12/31/2017,0,2625924000,ASGN,2400688000
12/31/2016,0,2440413000,ASGN,2250074000
12/31/2015,0,2065008000,ASGN,1906800000
12/31/2014,0,1724741000,ASGN,1586959000
12/31/2017,0,1433404000,AHT,1291612000
12/31/2016,0,1485933000,AHT,1318523000
12/31/2015,0,1330135000,AHT,1174140000
12/31/2014,0,797344000,AHT,718577000
9/30/2017,83000000,3260000000,ASH,2992000000
9/30/2016,87000000,3019000000,ASH,2878000000
9/30/2015,88000000,3420000000,ASH,3277000000
9/30/2014,101000000,6121000000,ASH,5898000000
12/31/2017,6180000,111631000,ASPN,130767000
12/31/2016,5306000,117738000,ASPN,128958000
12/31/2015,5253000,122518000,ASPN,128753000
12/31/2014,5980000,102399000,ASPN,118442000
12/31/2017,0,2625000000,AHL,2887100000
12/31/2016,0,2875300000,AHL,2596400000
12/31/2015,0,2675900000,AHL,2274500000
12/31/2014,0,2631700000,AHL,2177600000
12/31/2017,0,1047900000,ASB,670996000
12/31/2016,0,990156000,ASB,660873000
12/31/2015,0,968135000,ASB,663811000
12/31/2014,0,955828000,ASB,645011000
12/31/2017,0,26915000,AC,47301000
12/31/2016,0,31227000,AC,43459000
12/31/2015,0,22842000,AC,37154000
12/31/2014,0,21029000,AC,30953000
12/31/2017,0,6415000000,AIZ,5921000000
12/31/2016,0,7502200000,AIZ,6585900000
12/31/2015,0,10308700000,AIZ,10069200000
12/31/2014,0,10381653000,AIZ,9579121000
12/31/2017,0,6415000000,AIZP,5921000000
12/31/2016,0,7502200000,AIZP,6585900000
12/31/2015,0,10308700000,AIZP,10069200000
12/31/2014,0,10381653000,AIZP,9579121000
12/31/2017,0,1633000000,AGO,651000000
12/31/2016,0,1451000000,AGO,558000000
12/31/2015,0,2008000000,AGO,675000000
12/31/2014,0,2015000000,AGO,371000000
12/31/2017,5455000000,22465000000,AZN,18800000000
12/31/2016,5679000000,23002000000,AZN,19255000000
12/31/2015,5660000000,24708000000,AZN,20637000000
12/31/2014,5001000000,26547000000,AZN,22344000000
1/27/2018,0,950528000,HOME,849472000
1/28/2017,0,765635000,HOME,687640000
1/30/2016,0,622161000,HOME,559942000
1/31/2015,0,497733000,HOME,453530000
12/31/2017,0,160546000000,T,136683000000
12/31/2016,0,163786000000,T,138734000000
12/31/2015,0,146801000000,T,121606000000
12/31/2014,0,132447000000,T,117330000000
12/31/2017,0,1921683000,ATTO,1823267000
12/31/2016,0,1757498000,ATTO,1649038000
12/31/2015,0,1949883000,ATTO,1812927000
12/31/2014,0,2278244000,ATTO,2114490000
12/31/2017,0,8727000000,ATH,7124000000
12/31/2016,0,4105000000,ATH,3367000000
12/31/2015,0,2618000000,ATH,1970000000
12/31/2014,0,4100000000,ATH,3522000000
9/30/2017,0,1503934000,ATKR,1336044000
9/30/2016,0,1523384000,ATKR,1392370000
9/25/2015,0,1729168000,ATKR,1658545000
9/26/2014,0,1702838000,ATKR,1674228000
12/31/2017,0,0,AT,337600000
12/31/2016,0,399200000,AT,359000000
12/31/2015,0,420200000,AT,392000000
12/31/2014,0,489900000,AT,475000000
9/30/2017,0,2759735000,ATO,2032189000
9/30/2016,0,2454648000,ATO,1797418000
9/30/2015,0,2926985000,ATO,2314753000
9/30/2014,0,4940916000,ATO,4329567000
12/31/2017,0,341028000000,AUO,301890000000
12/31/2016,9080791000,329089036000,AUO,316750580000
12/31/2015,8903819000,360346494000,AUO,342825346000
12/31/2014,9156656000,408178750000,AUO,386012927000
12/31/2017,878773000,6210181000,ATHM,4166928000
12/31/2016,571354000,5961621000,ATHM,4808252000
12/31/2015,273908000,3463975000,ATHM,2264168000
12/31/2014,158395000,2132949000,ATHM,1228714000
12/31/2017,740900000,10382600000,ALV,9517400000
12/31/2016,651000000,10073600000,ALV,9199600000
12/31/2015,523800000,9169600000,ALV,8358600000
12/31/2014,535600000,9240500000,ALV,8477600000
12/31/2017,0,21534600000,AN,20743600000
12/31/2016,0,21609000000,AN,20787200000
12/31/2015,0,20862000000,AN,19991500000
12/31/2014,0,19108800000,AN,18304800000
8/25/2018,0,11221077000,AZO,9217059000
8/26/2017,0,10888676000,AZO,8808607000
8/27/2016,0,10635676000,AZO,8575281000
8/29/2015,0,10187340000,AZO,8234289000
12/31/2017,41264000,213159000,AVLR,267321000
12/31/2016,32848000,167426000,AVLR,220219000
12/31/2015,29787000,123158000,AVLR,202901000
12/31/2017,0,2189262000,AVB,1360510000
12/31/2016,0,2052061000,AVB,1261079000
12/31/2015,0,1895449000,AVB,1162943000
12/31/2014,0,1758841000,AVB,1067665000
12/31/2017,0,5963000000,AGR,4915600000
12/31/2016,0,6018000000,AGR,4824000000
12/31/2015,0,4367000000,AGR,3842000000
12/31/2014,0,4594000000,AGR,3684000000
12/31/2017,38200000,611600000,AVNS,654700000
12/31/2016,19100000,1592300000,AVNS,1484900000
12/31/2015,10300000,1574400000,AVNS,1473100000
12/31/2014,16600000,1672100000,AVNS,1577800000
9/30/2017,229000000,3272000000,AVYA,2988000000
9/30/2016,275000000,3702000000,AVYA,3366000000
9/30/2015,338000000,4081000000,AVYA,3647000000
9/30/2014,374000000,4371000000,AVYA,3974000000
12/30/2017,93400000,6613800000,AVY,5881900000
12/31/2016,89700000,6086500000,AVY,5488400000
1/2/2016,91900000,5966900000,AVY,5432100000
1/3/2015,102500000,6330300000,AVY,5794700000
12/31/2017,0,4441684000,AVH,4126592000
12/31/2016,0,4138338000,AVH,3879868000
12/31/2015,0,4361341000,AVH,4142525000
12/31/2014,0,4703571000,AVH,4424103000
12/31/2017,0,1445929000,AVA,1146802000
12/31/2016,0,1442483000,AVA,1152680000
12/31/2015,0,1484776000,AVA,1231562000
12/31/2014,0,1472562000,AVA,1234974000
12/31/2017,0,5715600000,AVP,5382100000
12/31/2016,0,5717700000,AVP,5345600000
12/31/2015,0,6160500000,AVP,5816200000
12/31/2014,0,7648000000,AVP,6944600000
3/31/2018,0,1562474000,AVX,1384140000
3/31/2017,0,1312661000,AVX,1114204000
3/31/2016,0,1195529000,AVX,1026227000
3/31/2015,0,1353228000,AVX,1140479000
12/31/2017,0,12474000000,EQH,10634000000
12/31/2016,0,11941000000,EQH,9666000000
12/31/2015,0,10079000000,EQH,9492000000
12/31/2014,0,13063000000,EQH,10247000000
12/31/2017,65300000,4377000000,AXTA,3878300000
12/31/2016,57700000,4092700000,AXTA,3553600000
12/31/2015,51600000,4110000000,AXTA,3579900000
12/31/2014,49500000,4391500000,AXTA,3894800000
12/31/2017,0,4576551000,AXS,4743438000
12/31/2016,0,4005657000,AXS,3553790000
12/31/2015,0,3850309000,AXS,3486132000
12/31/2014,0,4346523000,AXS,3545795000
12/31/2017,0,7789497000,AZUL,6932931000
12/31/2016,0,6669891000,AZUL,6402654000
12/31/2015,0,6257866000,AZUL,6505779000
12/31/2014,0,5803053000,AZUL,5396489000
3/31/2018,0,7700600000,AZRE,3654277000
3/31/2017,0,4182985000,AZRE,2219513000
3/31/2016,0,2626148000,AZRE,1551270000
3/31/2015,0,1124138000,AZRE,828198000
2/28/2018,0,810430000,AZZ,762182000
2/28/2017,0,863538000,AZZ,756630000
2/29/2016,0,889400000,AZZ,768205000
2/28/2015,0,819692000,AZZ,720890000
12/30/2017,0,1668056000,BGS,1390674000
12/31/2016,0,1391257000,BGS,1106837000
1/2/2016,0,966358000,BGS,779078000
1/3/2015,0,848017000,BGS,694121000
12/31/2017,0,0,BW,1724368000
12/31/2016,10406000,1578263000,BW,1652601000
12/31/2015,16543000,1757295000,BW,1705649000
12/31/2014,18483000,1486029000,BW,1499150000
12/31/2017,0,402440000,BMI,346818000
12/31/2016,0,393761000,BMI,341496000
12/31/2015,0,377698000,BMI,334529000
12/31/2014,0,364768000,BMI,317021000
12/31/2017,0,17259000000,BHGE,16596000000
12/31/2016,0,13269000000,BHGE,12146000000
12/31/2015,0,16688000000,BHGE,14342000000
12/31/2014,0,19191000000,BHGE,16682000000
12/31/2017,0,10983000000,BLL,9925000000
12/31/2016,0,9061000000,BLL,8177000000
12/31/2015,0,7997000000,BLL,7196000000
12/31/2014,0,8570000000,BLL,7650000000
12/31/2017,0,304375000,BANC,248330000
12/31/2016,0,363071000,BANC,254646000
12/31/2015,0,269288000,BANC,198561000
12/31/2014,0,289938000,BANC,255163000
12/31/2017,0,20542000000,BBVA,13008000000
12/31/2016,0,20893000000,BBVA,14043000000
12/31/2015,0,17688000000,BBVA,12571000000
12/31/2014,0,15980000000,BBVA,11120000000
12/31/2017,0,58536041000,BBD,49708645000
12/31/2016,0,79684584000,BBD,51531989000
12/31/2015,0,51508873000,BBD,40361506000
12/31/2014,0,57373804000,BBD,38345663000
12/31/2017,0,58536041000,BBDO,49708645000
12/31/2016,0,79684584000,BBDO,51531989000
12/31/2015,0,51508873000,BBDO,40361506000
12/31/2014,0,57373804000,BBDO,38345663000
12/31/2017,0,1474287000000,BCH,788960000000
12/31/2016,0,1425057000000,BCH,787913000000
12/31/2015,0,1343289000000,BCH,725682000000
12/31/2014,0,1362409000000,BCH,712577000000
12/31/2017,0,127738000,BLX,44901000
12/31/2016,0,133071000,BLX,45397000
12/31/2015,0,151288000,BLX,46708000
12/31/2014,0,159798000,BLX,56490000
12/31/2017,0,52884000000,BSMX,28321000000
12/31/2016,0,48644000000,BSMX,25028000000
12/31/2015,0,42989000000,BSMX,22855000000
12/31/2014,0,40517000000,BSMX,21337000000
12/31/2017,0,36062635000,BSBR,20771561000
12/31/2016,0,35537625000,BSBR,18819834000
12/31/2015,0,18535040000,BSBR,20611193000
12/31/2014,0,23857794000,BSBR,16919962000
12/31/2017,0,1464869000000,BSAC,773306000000
12/31/2016,0,1347592000000,BSAC,751569000000
12/31/2015,0,1245073000000,BSAC,704707000000
12/31/2014,0,1302420000000,BSAC,634075000000
12/31/2017,0,39402000000,SAN,26051000000
12/31/2016,0,34478000000,SAN,23609000000
12/31/2015,0,35181000000,SAN,24826000000
12/31/2014,0,34790000000,SAN,23195000000
12/31/2017,0,11144762000000,CIB,7227445000000
12/31/2016,0,10783399000000,CIB,6979050000000
12/31/2015,0,8968783000000,CIB,5898287000000
12/31/2014,0,8157890000000,CIB,5115516000000
12/31/2017,0,739069000,BXS,496855000
12/31/2016,0,724353000,BXS,507715000
12/31/2015,0,723052000,BXS,526779000
12/31/2014,0,685808000,BXS,508455000
12/31/2017,0,83956000000,BAC,54743000000
12/31/2016,0,80104000000,BAC,55083000000
12/31/2015,0,79804000000,BAC,57617000000
12/31/2014,0,83619000000,BAC,74720000000
12/31/2017,0,625755000,BOH,349025000
12/31/2016,0,607972000,BOH,341963000
12/31/2015,0,579306000,BOH,329982000
12/31/2014,0,564537000,BOH,318963000
10/31/2017,0,21486000000,BMO,14355000000
10/31/2016,0,20272000000,BMO,14096000000
10/31/2015,0,18777000000,BMO,13025000000
10/31/2014,0,17662000000,BMO,12044000000
12/31/2017,0,454800000,NTB,294400000
12/31/2016,0,402568000,NTB,273419000
12/31/2015,0,369343000,NTB,276638000
12/31/2014,0,382943000,NTB,265386000
12/31/2017,0,15567000000,BK,10642000000
12/31/2016,0,15248000000,BK,10237000000
12/31/2015,0,15034000000,BK,10453000000
12/31/2014,0,15740000000,BK,10749000000
10/31/2017,0,24906000000,BNS,14630000000
10/31/2016,0,23938000000,BNS,14540000000
10/31/2015,0,22107000000,BNS,13041000000
10/31/2014,0,21901000000,BNS,12601000000
12/31/2017,0,1039429000,BKU,612957000
12/31/2016,0,925891000,BKU,568541000
12/31/2015,0,803565000,BKU,492415000
12/31/2014,0,719753000,BKU,417155000
12/31/2017,0,18927000000,BCS,15376000000
12/31/2016,0,19818000000,BCS,16243000000
12/31/2015,0,19641000000,BCS,17476000000
12/31/2014,0,19008000000,BCS,16781000000
12/31/2017,0,123004.632,BBDC,21505.785
12/31/2016,0,113679.557,BBDC,21082.112
12/31/2015,0,121286.613,BBDC,22903.509
12/31/2014,0,104511.683,BBDC,21315.182
4/28/2018,0,2203617000,BNED,2142443000
4/29/2017,0,1874362000,BNED,1849389000
4/30/2016,0,1808029000,BNED,1780132000
5/2/2015,0,1772998000,BNED,1739431000
4/28/2018,0,3662280000,BKS,3638503000
4/29/2017,0,3894558000,BKS,3826309000
4/30/2016,0,4163844000,BKS,4134687000
5/2/2015,0,4297108000,BKS,4206548000
12/31/2017,0,1436499000,B,1226011000
12/31/2016,0,1230754000,B,1036383000
12/31/2015,0,1193975000,B,1018610000
12/31/2014,0,1262006000,B,1076032000
12/31/2017,0,8374000000,ABX,5673000000
12/31/2016,0,8558000000,ABX,5953000000
12/31/2015,0,9029000000,ABX,7972000000
12/31/2014,0,10239000000,ABX,7827000000
12/31/2017,0,864041000,BAS,925117000
12/31/2016,0,547497000,BAS,821186000
12/31/2015,0,805599000,BAS,1027785000
12/31/2014,0,1491284000,BAS,1396200000
12/31/2017,361000000,8724000000,BHC,7828000000
12/31/2016,421000000,9674000000,BHC,8495000000
12/31/2015,334000000,10442000000,BHC,7742000000
12/31/2014,246000000,8200000000,BHC,5902000000
12/31/2017,617000000,10561000000,BAX,9050000000
12/31/2016,567000000,10163000000,BAX,8943000000
12/31/2015,589000000,9968000000,BAX,9233000000
12/31/2014,608000000,10719000000,BAX,9875000000
12/31/2017,0,0,BTE,910865000
12/31/2016,0,601979000,BTE,1330174000
12/31/2015,0,879999000,BTE,1774902000
12/31/2014,0,1529897000,BTE,913041000
12/31/2017,0,10770000000,BBT,6642000000
12/31/2016,0,10221000000,BBT,6256000000
12/31/2015,0,9183000000,BBT,5723000000
12/31/2014,0,8979000000,BBT,5487000000
12/31/2017,0,17924622000,BFR,11613320000
12/31/2016,0,15258169000,BFR,9128301000
12/31/2015,0,12673648000,BFR,6310388000
12/31/2014,0,10418943000,BFR,5300775000
12/31/2017,0,813340000,BBX,712893000
12/31/2016,0,761219000,BBX,665978000
12/31/2015,0,713165000,BBX,602865000
12/31/2014,0,666659000,BBX,557779000
12/31/2017,0,22719000000,BCE,17463000000
12/31/2016,0,21719000000,BCE,16520000000
12/31/2015,0,21514000000,BCE,16493000000
12/31/2014,0,21042000000,BCE,16292000000
9/30/2017,0,1916278000,BZH,1851695000
9/30/2016,0,1822114000,BZH,1761719000
9/30/2015,0,1627413000,BZH,1571077000
9/30/2014,0,1463767000,BZH,1394371000
9/30/2017,774000000,12093000000,BDX,9848000000
9/30/2016,828000000,12483000000,BDX,10325000000
9/30/2015,632000000,10282000000,BDX,8489000000
9/30/2014,524000000,8446000000,BDX,6814000000
9/30/2017,774000000,12093000000,BDXA,9848000000
9/30/2016,828000000,12483000000,BDXA,10325000000
9/30/2015,632000000,10282000000,BDXA,8489000000
9/30/2014,524000000,8446000000,BDXA,6814000000
12/31/2017,134130000,2388643000,BDC,2104220000
12/31/2016,139801000,2356672000,BDC,2071388000
12/31/2015,142211000,2309222000,BDC,2111969000
12/31/2014,110314000,2308265000,BDC,2065946000
12/31/2017,0,225438000,BXE,223801000
12/31/2016,0,209238000,BXE,33264000
12/31/2015,0,299864000,BXE,842290000
12/31/2014,0,483644000,BXE,363952000
12/31/2017,0,560999000,BEL,526970000
12/31/2016,0,549824000,BEL,489783000
12/31/2015,0,551385000,BEL,500319000
12/31/2014,0,585715000,BEL,534191000
12/31/2017,42900000,4046200000,BMS,3665700000
12/31/2016,46500000,4004400000,BMS,3569100000
12/31/2015,44100000,4071400000,BMS,3654500000
12/31/2014,44100000,4343500000,BMS,3934000000
12/31/2017,0,2466811000,BHE,2379580000
12/31/2016,0,2310415000,BHE,2222238000
12/31/2015,0,2540873000,BHE,2434043000
12/31/2014,0,2797061000,BHE,2690204000
12/31/2017,0,399163000,BHLB,258158000
12/31/2016,0,279671000,BHLB,179157000
12/31/2015,0,251411000,BHLB,170173000
12/31/2014,0,211493000,BHLB,147598000
9/30/2017,0,7095000000,BERY,6339000000
10/1/2016,0,6489000000,BERY,5876000000
9/26/2015,0,4881000000,BERY,4460000000
9/27/2014,0,4958000000,BERY,4612000000
2/3/2018,0,0,BBY,40186000000
1/28/2017,0,39403000000,BBY,37456000000
1/30/2016,0,39528000000,BBY,37946000000
1/31/2015,0,40339000000,BBY,38842000000
12/31/2017,0,0,BSTI,0
12/31/2016,80326000,8844137000,BSTI,10244100000
12/31/2015,46177000,5256327000,BSTI,6308149000
12/31/2014,26648000,3065794000,BSTI,3788960000
6/30/2018,0,43895000000,BHP,28148000000
6/30/2017,0,36513000000,BHP,24274000000
6/30/2016,0,29005000000,BHP,24222000000
6/30/2015,0,45124000000,BHP,33788000000
6/30/2018,0,43895000000,BBL,28148000000
6/30/2017,0,36513000000,BBL,24274000000
6/30/2016,0,29005000000,BBL,24222000000
6/30/2015,0,45124000000,BBL,33788000000
2/3/2018,0,5270980000,BIG,4972627000
1/28/2017,0,5200439000,BIG,4945336000
1/30/2016,0,5190582000,BIG,4949909000
1/31/2015,0,5177078000,BIG,4949058000
12/31/2017,0,839804000,BH,839537000
12/31/2016,0,850076000,BH,818468000
12/31/2015,0,861452000,BH,838175000
12/31/2014,0,828078000,BH,815377000
12/31/2017,16584000,0,BHVN,0
12/31/2016,4699000,0,BHVN,60638000
12/31/2015,2435000,0,BHVN,9696000
12/31/2014,550000,0,BHVN,1479000
12/31/2017,565702000,8751259000,BITA,9842561000
12/31/2016,457367000,5772948000,BITA,5909174000
12/31/2015,312100000,4254195000,BITA,4464707000
12/31/2014,148078000,2617839000,BITA,2080038000
2/3/2018,0,12754589000,BJ,12525252000
1/28/2017,0,12350537000,BJ,12134518000
1/30/2016,0,12467553000,BJ,12280757000
12/31/2017,0,1680266000,BKH,1263530000
12/31/2016,0,1538916000,BKH,1202735000
12/31/2015,0,1261322000,BKH,960902000
12/31/2014,0,1393570000,BKH,1129702000
12/31/2017,0,1051600000,BKI,772700000
12/31/2016,0,1026000000,BKI,786800000
12/31/2015,0,930700000,BKI,726300000
12/31/2014,0,852100000,BKI,703700000
12/31/2017,0,360695000,BSM,186545000
12/31/2016,0,265218000,BSM,242542000
12/31/2015,0,279556000,BSM,380284000
12/31/2014,0,464846000,BSM,283105000
2/28/2018,234000000,932000000,BB,1019000000
2/28/2017,302000000,1309000000,BB,1461000000
2/29/2016,469000000,2160000000,BB,2618000000
2/28/2015,641000000,3335000000,BB,3187000000
12/31/2017,0,13241.232,CII,6597.323
12/31/2016,0,11697.919,CII,6055.848
12/31/2015,0,11380.11,CII,6503.692
12/31/2014,0,16385.25,CII,6576.51
12/31/2017,0,17280.198,BGR,5264.169
12/31/2016,0,13440.574,BGR,5462.347
12/31/2015,0,15571.512,BGR,6885.222
12/31/2014,0,21252.684,BGR,8676.636
12/31/2017,0,46386.747,BDJ,15444.541
12/31/2016,0,45285.903,BDJ,13957.929
12/31/2015,0,45474.169,BDJ,14278.171
12/31/2014,0,53413.686,BDJ,14284.332
12/31/2017,0,21686.205,BOE,9957.96
12/31/2016,0,20476.319,BOE,9782.866
12/31/2015,0,18696.399,BOE,11057.629
12/31/2014,0,11462.556,BOE,11424.264
12/31/2017,0,3671.453,BME,3487.401
12/31/2016,0,3353.887,BME,3165.351
12/31/2015,0,3204.814,BME,3648.587
12/31/2014,0,3185.31,BME,3498.846
12/31/2017,0,17186.003,BGY,7528.283
12/31/2016,0,17258.844,BGY,7249.588
12/31/2015,0,17383.841,BGY,8349.779
12/31/2014,0,7759.398,BGY,8857.716
8/31/2017,0,1938.507,BZM,549.315
8/31/2016,0,1926.056,BZM,586.865
8/31/2015,0,1901.882,BZM,443.318
8/31/2014,0,2017.882,BZM,396.575
8/31/2017,0,2169.133,MHE,386.304
8/31/2016,0,2126.511,MHE,387.139
8/31/2015,0,2165.338,MHE,380.667
8/31/2014,0,2189.939,MHE,363.022
8/31/2017,0,26606.046,BLE,3522.364
8/31/2016,0,27693.572,BLE,3605.959
8/31/2015,0,27337.025,BLE,3586.651
8/31/2014,0,27412.594,BLE,3412.893
8/31/2017,0,5290.131,BFY,873.935
8/31/2016,0,5383.247,BFY,994.002
8/31/2015,0,5555.121,BFY,1327.308
8/31/2014,0,5605.079,BFY,1296.273
8/31/2017,0,1813.183,BHV,405.79
8/31/2016,0,1799.074,BHV,439.218
8/31/2015,0,1747.898,BHV,332.937
8/31/2014,0,1791.549,BHV,330.717
12/31/2017,0,12491000000,BLK,7197000000
12/31/2016,0,11155000000,BLK,6509000000
12/31/2015,0,11401000000,BLK,6737000000
12/31/2014,0,11081000000,BLK,6607000000
12/31/2017,51146000,375996000,BE,533275000
12/31/2016,46848000,208540000,BE,449523000
12/31/2015,43933000,172889000,BE,477025000
12/31/2014,53001000,248140000,BE,481770000
12/31/2017,0,881191000,APRN,1057395000
12/31/2016,0,795416000,APRN,850219000
12/31/2015,0,340803000,APRN,387701000
12/31/2014,0,77806000,APRN,108605000
12/31/2017,0,49400000,BCRH,92600000
12/31/2016,0,42600000,BCRH,28300000
12/31/2015,0,38100000,BCRH,17300000
12/31/2014,0,44600000,BCRH,29500000
12/31/2017,0,0,BXG,499845000
12/31/2016,0,662653000,BXG,506852000
12/31/2015,0,614648000,BXG,457630000
12/31/2014,0,498662000,BXG,432898000
12/30/2017,0,0,BXC,0
12/31/2016,0,1881043000,BXC,1866288000
1/2/2016,0,1916585000,BXC,1900169000
1/3/2015,0,1979393000,BXC,1971108000
12/31/2017,3179000000,93392000000,BA,83339000000
12/31/2016,3392000000,94571000000,BA,87798000000
12/31/2015,3331000000,96114000000,BA,88944000000
12/31/2014,3047000000,90762000000,BA,83566000000
12/31/2017,0,4431991000,BCC,4291038000
12/31/2016,0,3911215000,BCC,3829537000
12/31/2015,0,3633415000,BCC,3531126000
12/31/2014,0,3573732000,BCC,3429783000
12/31/2017,0,192124000,BCEI,179387000
12/31/2016,0,195295000,BCEI,286553000
12/31/2015,0,292679000,BCEI,1143565000
12/31/2014,0,558633000,BCEI,484524000
3/31/2018,0,677949000,BOOT,629794000
4/1/2017,0,629816000,BOOT,590834000
3/26/2016,0,569020000,BOOT,527557000
3/28/2015,0,402684000,BOOT,367248000
3/31/2018,0,6171853000,BAH,5651768000
3/31/2017,0,5804284000,BAH,5316237000
3/31/2016,0,5405738000,BAH,4961154000
3/31/2015,0,5274770000,BAH,4815948000
12/31/2017,0,9799300000,BWA,8577400000
12/31/2016,0,9071000000,BWA,7951200000
12/31/2015,0,8023200000,BWA,6981100000
12/31/2014,0,8305100000,BWA,7237200000
12/30/2017,0,862992000,SAM,744866000
12/31/2016,0,906446000,SAM,769022000
12/26/2015,0,959934000,SAM,803502000
12/27/2014,0,903007000,SAM,754663000
12/31/2017,0,2620515000,BXP,1693966000
12/31/2016,0,2560693000,BXP,1672453000
12/31/2015,0,2512852000,BXP,1641456000
12/31/2014,0,2408911000,BXP,1591176000
12/31/2017,997000000,9048000000,BSX,7449000000
12/31/2016,920000000,8386000000,BSX,6995000000
12/31/2015,876000000,7477000000,BSX,6394000000
12/31/2014,817000000,7308000000,BSX,6349000000
1/31/2018,0,0,BOX,0
1/31/2017,115928000,398605000,BOX,550924000
1/31/2016,102500000,302704000,BOX,502121000
1/31/2015,66402000,216440000,BOX,378621000
12/31/2017,0,2383707000,BYD,2040638000
12/31/2016,0,2183976000,BYD,1885047000
12/31/2015,0,2199432000,BYD,1909665000
12/31/2014,0,2142255000,BYD,1919842000
12/31/2017,0,108151000,BPMP,31696000
12/31/2016,0,103003000,BPMP,28188000
12/31/2015,0,106778000,BPMP,29286000
12/31/2017,0,238802000000,BP,230299000000
12/31/2016,0,182648000000,BP,179428000000
12/31/2015,0,222243000000,BP,219766000000
12/31/2014,0,351195000000,BP,345022000000
12/31/2017,0,0,BPT,0
12/31/2016,0,44919000,BPT,1298000
12/31/2015,0,126781000,BPT,1320000
12/31/2014,0,227904000,BPT,1141000
7/31/2018,45253000,1173851000,BRC,1021155000
7/31/2017,39624000,1113316000,BRC,982301000
7/31/2016,35799000,1120625000,BRC,1002747000
7/31/2015,36734000,1171731000,BRC,1072737000
12/31/2017,0,409963000,BHR,358654000
12/31/2016,0,403270000,BHR,363516000
12/31/2015,0,346618000,BHR,303031000
12/31/2014,0,307308000,BHR,263558000
12/31/2017,0,514661000,BDN,410324000
12/31/2016,0,515821000,BDN,423381000
12/31/2015,0,597023000,BDN,461570000
12/31/2014,0,588192000,BDN,451460000
6/30/2018,0,284095000,LND,173913000
6/30/2017,0,173627000,LND,160489000
6/30/2016,0,147128000,LND,177797000
6/30/2015,0,367815000,LND,207257000
12/31/2017,167456000,49260594000,BAK,40098385000
12/31/2016,162010000,47663988000,BAK,38712444000
12/31/2015,169635000,46879989000,BAK,39806243000
12/31/2014,138441000,46031389000,BAK,42743448000
12/31/2017,0,33469400000,BRFS,32755600000
12/31/2016,0,33732900000,BRFS,31947000000
12/31/2015,0,32196601000,BRFS,27820718000
12/31/2014,0,29006843000,BRFS,25554094000
12/31/2017,0,478397000,BPI,460018000
12/31/2016,0,527090000,BPI,514947000
12/31/2015,0,561729000,BPI,535668000
12/31/2014,0,638705000,BPI,607566000
7/1/2018,23600000,1881294000,BGG,1798293000
7/2/2017,23000000,1786103000,BGG,1699812000
7/3/2016,20000000,1808778000,BGG,1720302000
6/28/2015,19900000,1894750000,BGG,1799164000
12/31/2017,0,1740905000,BFAM,1535466000
12/31/2016,0,1569841000,BFAM,1371111000
12/31/2015,0,1458445000,BFAM,1276802000
12/31/2014,0,1352999000,BFAM,1205873000
8/31/2017,0,1328367000,BEDU,1096528000
8/31/2016,0,1040329000,BEDU,1022020000
8/31/2015,0,745850000,BEDU,816432000
8/31/2014,0,588163000,BEDU,624039000
12/31/2017,0,887400000,BSA,768400000
12/31/2016,0,663500000,BSA,488000000
12/31/2015,0,699300000,BSA,507000000
12/31/2014,0,1056300000,BSA,987400000
12/31/2017,0,887400000,BSIG,768400000
12/31/2016,0,663500000,BSIG,488000000
12/31/2015,0,699300000,BSIG,507000000
12/31/2014,0,1056300000,BSIG,987400000
9/30/2017,0,2225852000,BV,2180199000
12/31/2016,0,2185302000,BV,2153651000
12/31/2015,0,2214839000,BV,2166497000
6/27/2018,0,3135417000,EAT,2875811000
6/28/2017,0,3150837000,EAT,2872004000
6/29/2016,0,3257489000,EAT,2922833000
6/24/2015,0,3002278000,EAT,2686312000
12/31/2017,0,3347000000,BCO,3116700000
12/31/2016,0,3020600000,BCO,2852000000
12/31/2015,0,3061400000,BCO,2931700000
12/31/2014,0,3562300000,BCO,3506300000
12/31/2017,4823000000,20776000000,BMY,15426000000
12/31/2016,4405000000,19427000000,BMY,14241000000
12/31/2015,4037000000,16560000000,BMY,12693000000
12/31/2014,3913000000,15879000000,BMY,12411000000
3/31/2018,0,1384424000,BRS,1407378000
3/31/2017,0,1347850000,BRS,1390361000
3/31/2016,0,1629547000,BRS,1529197000
3/31/2015,0,1726987000,BRS,1519500000
12/31/2017,0,20292000000,BTI,13059000000
12/31/2016,0,14751000000,BTI,9446000000
12/31/2015,0,13104000000,BTI,8170000000
12/31/2014,0,13971000000,BTI,8935000000
12/31/2017,0,1283561000,BRX,787787000
12/31/2016,0,1276249000,BRX,796648000
12/31/2015,0,1266439000,BRX,836317000
12/31/2014,0,1236969000,BRX,841994000
6/30/2018,0,4329900000,BR,3735000000
6/30/2017,0,4142600000,BR,3611000000
6/30/2016,0,2897000000,BR,2396800000
6/30/2015,0,2694200000,BR,2227300000
12/31/2017,0,3855985000,BKD,3669299000
12/31/2016,0,4239383000,BKD,3956648000
12/31/2015,0,4237310000,BKD,4151632000
12/31/2014,0,3343536000,BKD,3272049000
12/31/2017,0,41999000000,BAM,35074000000
12/31/2016,0,25704000000,BAM,19929000000
12/31/2015,0,21753000000,BAM,16234000000
12/31/2014,0,19958000000,BAM,14711000000
12/31/2017,0,22823000000,BBU,22587000000
12/31/2016,0,7960000000,BBU,7941000000
12/31/2015,0,6753000000,BBU,6613000000
12/31/2014,0,4622000000,BBU,4425000000
12/31/2017,0,3535000000,BIP,2419000000
12/31/2016,0,2115000000,BIP,1676000000
12/31/2015,0,1855000000,BIP,1307000000
12/31/2014,0,1924000000,BIP,1341000000
12/31/2017,0,2625000000,BEP,1842000000
12/31/2016,0,2452000000,BEP,1881000000
12/31/2015,0,1628000000,BEP,1216000000
12/31/2014,0,1704000000,BEP,1123000000
12/31/2017,0,1857270000,BRO,1386266000
12/31/2016,0,1762787000,BRO,1295755000
12/31/2015,0,1656951000,BRO,1216318000
12/31/2014,0,1567460000,BRO,1150276000
9/30/2017,0,105387000,BRT,91166000
9/30/2016,0,98521000,BRT,83780000
9/30/2015,0,81098000,BRT,72082000
9/30/2014,0,61813000,BRT,57596000
12/31/2017,138500000,4510000000,BC,4021900000
12/31/2016,131000000,4153900000,BC,3676700000
12/31/2015,113900000,3780200000,BC,3361900000
12/31/2014,119600000,3838700000,BC,3478100000
3/31/2018,0,23723000000,BT,19923000000
3/31/2017,0,24062000000,BT,20070000000
3/31/2016,0,19012000000,BT,15163000000
3/31/2015,0,17968000000,BT,14469000000
12/31/2017,0,3648145000,BPL,2964241000
12/31/2016,0,3248376000,BPL,2504051000
12/31/2015,0,3453434000,BPL,2849318000
12/31/2014,0,6620247000,BPL,6124900000
2/3/2018,0,913380000,BKE,779302000
1/28/2017,0,974873000,BKE,822113000
1/30/2016,0,1119616000,BKE,890028000
1/31/2015,0,1153142000,BKE,896169000
12/31/2017,0,1274378000,BVN,1143674000
12/31/2016,0,1068791000,BVN,947727000
12/31/2015,0,929522000,BVN,1056259000
12/31/2014,0,1067312000,BVN,1029619000
12/30/2017,0,357866000,BBW,343938000
12/31/2016,0,364204000,BBW,356190000
1/2/2016,0,377694000,BBW,359643000
1/3/2015,0,392354000,BBW,375170000
12/31/2017,0,45794000000,BG,45376000000
12/31/2016,0,42679000000,BG,41557000000
12/31/2015,0,43455000000,BG,42197000000
12/31/2014,0,57161000000,BG,56095000000
2/3/2018,0,6100973000,BURL,5614834000
1/28/2017,0,5581817000,BURL,5195678000
1/30/2016,0,5113714000,BURL,4814697000
1/31/2015,0,4828773000,BURL,4571407000
12/31/2017,7190000,1687738000,BWXT,1392659000
12/31/2016,6407000,1550573000,BWXT,1297422000
12/31/2015,10537000,1415529000,BWXT,1245735000
12/31/2014,54751000,1450610000,BWXT,1438162000
12/31/2017,0,160317000,BY,114599000
12/31/2016,0,106170000,BY,91041000
12/31/2015,0,90505000,BY,91084000
12/31/2017,6368000,1638739000,CJ,1670345000
12/31/2016,7718000,971142000,CJ,1360745000
12/31/2015,16704000,1748889000,CJ,2013286000
12/31/2014,14327000,1607944000,CJ,1464058000
12/31/2017,0,0,CABO,0
12/31/2016,0,819625000,CABO,626699000
12/31/2015,0,807266000,CABO,641824000
12/31/2014,0,814812000,CABO,650999000
9/30/2017,56000000,2717000000,CBT,2378000000
9/30/2016,48000000,2411000000,CBT,2114000000
9/30/2015,58000000,2871000000,CBT,2605000000
9/30/2014,60000000,3647000000,CBT,3283000000
12/31/2017,0,1747293000,COG,1783302000
12/31/2016,0,1194627000,COG,1755238000
12/31/2015,0,1300464000,COG,1399659000
12/31/2014,0,1953692000,COG,1867706000
6/30/2018,0,4467860000,CACI,4127151000
6/30/2017,0,4354617000,CACI,4056656000
6/30/2016,0,3744053000,CACI,3472003000
6/30/2015,0,3313452000,CACI,3077071000
12/31/2017,0,341191000,WHD,252328000
12/31/2016,0,155048000,WHD,144433000
12/31/2015,0,221395000,WHD,179190000
12/31/2017,0,416355000,CADE,228506000
12/31/2016,0,318494000,CADE,213410000
12/31/2015,0,291697000,CADE,221830000
12/31/2014,0,316040000,CADE,229599000
3/31/2018,114900000,2830000000,CAE,2455000000
3/31/2017,111000000,2704500000,CAE,2367900000
3/31/2016,87600000,2512600000,CAE,2195700000
3/31/2015,64100000,2246300000,CAE,1969500000
12/31/2017,0,348393000,CAI,237377000
12/31/2016,0,294354000,CAI,239857000
12/31/2015,0,249667000,CAI,157727000
12/31/2014,0,227589000,CAI,124035000
2/3/2018,0,2785584000,CAL,2632120000
1/28/2017,0,2579388000,CAL,2440172000
1/30/2016,0,2577430000,CAL,2439562000
1/31/2015,0,2571709000,CAL,2440309000
12/31/2017,0,2096000000,CRC,1950000000
12/31/2016,0,1753000000,CRC,1774000000
12/31/2015,0,2270000000,CRC,2463000000
12/31/2014,0,4178000000,CRC,3033000000
12/31/2017,0,0,CWT,542421000
12/31/2016,0,609370000,CWT,505355000
12/31/2015,0,588368000,CWT,492895000
12/31/2014,0,597499000,CWT,489133000
12/31/2017,127541000,510367000,CALX,587674000
12/31/2016,106869000,458787000,CALX,485006000
12/31/2015,89714000,407463000,CALX,433973000
12/31/2014,80311000,401227000,CALX,421611000
12/31/2017,36568000,1048736000,ELY,967460000
12/31/2016,33318000,871192000,ELY,827024000
12/31/2015,33213000,843794000,ELY,816851000
12/31/2014,31285000,886945000,ELY,856197000
12/31/2017,0,366474000,CPE,241013000
12/31/2016,0,188981000,CPE,157030000
12/31/2015,0,127719000,CPE,91934000
12/31/2014,0,142889000,CPE,69295000
12/31/2017,16901000,535006000,CBM,391738000
12/31/2016,14292000,490338000,CBM,360293000
12/31/2015,12540000,433931000,CBM,326768000
12/31/2014,13075000,374427000,CBM,316379000
12/31/2017,0,918905000,CPT,668379000
12/31/2016,0,892638000,CPT,637889000
12/31/2015,0,849382000,CPT,615974000
12/31/2014,0,804360000,CPT,576171000
12/31/2017,5660000,2156852000,CCJ,1994075000
12/31/2016,4952000,2431404000,CCJ,2139165000
12/31/2015,6587000,2754378000,CCJ,2312417000
12/31/2014,5044000,2397532000,CCJ,2008416000
7/29/2018,110000000,8685000000,CPB,7141000000
7/30/2017,98000000,7890000000,CPB,6205000000
7/31/2016,124000000,7961000000,CPB,6808000000
8/2/2015,117000000,8082000000,CPB,6954000000
12/31/2017,0,4285255000,CWH,3923621000
12/31/2016,0,3518997000,CWH,3239153000
12/31/2015,0,3278817000,CWH,3038781000
12/31/2014,0,2634998000,CWH,2449889000
3/31/2018,0,591181000,GOOS,453053000
3/31/2017,0,403777000,GOOS,363275000
3/31/2016,0,290830000,GOOS,249876000
3/31/2015,0,218414000,GOOS,188884000
10/31/2017,0,15451000000,CM,9571000000
10/31/2016,0,13984000000,CM,8837000000
10/31/2015,0,13085000000,CM,8861000000
10/31/2014,0,12426000000,CM,8512000000
12/31/2017,0,13041000000,CNI,7483000000
12/31/2016,0,12037000000,CNI,6725000000
12/31/2015,0,12611000000,CNI,7345000000
12/31/2014,0,12134000000,CNI,7510000000
12/31/2017,0,0,CNQ,14271000000
12/31/2016,0,10523000000,CNQ,11808000000
12/31/2015,0,12363000000,CNQ,12900000000
12/31/2014,0,18863000000,CNQ,13323000000
12/31/2017,0,6554000000,CP,3812000000
12/31/2016,0,6232000000,CP,3654000000
12/31/2015,0,6712000000,CP,4123000000
12/31/2014,0,6620000000,CP,4285000000
12/31/2017,19418.576,1052203.719,CANG,621050.616
12/31/2016,4999.844,434279.994,CANG,249130.966
12/31/2017,0,1169500000,CNNE,1241000000
12/31/2016,0,1178400000,CNNE,1177800000
12/31/2015,0,1414700000,CNNE,1425200000
12/31/2014,0,1534000000,CNNE,1543000000
12/31/2017,330053000000,4080015000000,CAJ,3714624000000
12/31/2016,302376000000,3401487000000,CAJ,3172621000000
12/31/2015,328500000000,3800271000000,CAJ,3445061000000
12/31/2014,308979000000,3727252000000,CAJ,3363763000000
3/31/2018,1453000,77948000,CGC,156823000
3/31/2017,810000,39895000,CGC,46609000
3/31/2016,721000,12699000,CGC,14017000
3/31/2015,213.6,1896.8,CGC,8461.6
7/31/2017,18367000,770157000,CMD,654016000
7/31/2016,15410000,662720000,CMD,562256000
7/31/2015,14022000,560635000,CMD,477008000
7/31/2014,10813000,488749000,CMD,416671000
12/31/2017,0,19686000000,COF,13615000000
12/31/2016,0,19042000000,COF,12841000000
12/31/2015,0,18877000000,COF,12250000000
12/31/2014,0,18749000000,COF,11373000000
12/31/2017,0,465249000,CSU,447249000
12/31/2016,0,445721000,CSU,430231000
12/31/2015,0,410985000,CSU,392150000
12/31/2014,0,380098000,CSU,366198000
12/31/2017,0,303045000,BXMT,84763000
12/31/2016,0,313704000,BXMT,83675000
12/31/2015,0,258219000,BXMT,79595000
12/31/2014,0,115623000,BXMT,47290000
12/31/2017,0,0,CIC,1166.207
12/31/2017,0,87252000,CMO,9604000
12/31/2016,0,99304000,CMO,16431000
12/31/2015,0,123323000,CMO,14998000
12/31/2014,0,153279000,CMO,12459000
12/31/2017,0,188756000,CRR,284327000
12/31/2016,0,103051000,CRR,221664000
12/31/2015,0,279574000,CRR,390860000
12/31/2014,0,648325000,CRR,540391000
6/30/2018,0,136809000000,CAH,134824000000
6/30/2017,0,129976000000,CAH,127685000000
6/30/2016,0,121546000000,CAH,119126000000
6/30/2015,0,102531000000,CAH,100332000000
12/30/2017,25423000,174090000,CRCM,165000000
12/31/2016,20402000,161754000,CRCM,159281000
12/26/2015,19801000,138681000,CRCM,154047000
12/27/2014,16216000,110712000,CRCM,142221000
12/31/2017,54800000,4089900000,CSL,3545900000
12/31/2016,48100000,3675400000,CSL,3078600000
12/31/2015,42800000,3543200000,CSL,3030800000
12/31/2014,33800000,3204000000,CSL,2783900000
2/28/2018,0,17976809000,KMX,16843819000
2/28/2017,0,16637118000,KMX,15573344000
2/29/2016,0,15832575000,KMX,14773714000
2/28/2015,0,14873616000,KMX,13897420000
11/30/2017,0,17510000000,CCL,14273000000
11/30/2016,0,16389000000,CCL,13365000000
11/30/2015,0,15714000000,CCL,13736000000
11/30/2014,0,15884000000,CCL,14330000000
11/30/2017,0,17510000000,CUK,14273000000
11/30/2016,0,16389000000,CUK,13365000000
11/30/2015,0,15714000000,CUK,13736000000
11/30/2014,0,15884000000,CUK,14330000000
6/30/2018,0,2157700000,CRS,1970600000
6/30/2017,0,1797600000,CRS,1696700000
6/30/2016,0,1813400000,CRS,1708800000
6/30/2015,0,2226700000,CRS,2081000000
12/31/2017,0,258139000,CSV,208598000
12/31/2016,0,248200000,CSV,194496000
12/31/2015,0,242502000,CSV,193854000
12/31/2014,0,226124000,CSV,186409000
12/31/2017,0,0,CARS,490112000
12/31/2016,0,633106000,CARS,456328000
12/31/2015,0,596510000,CARS,438777000
12/31/2014,0,495954000,CARS,473640000
12/30/2017,0,3400410000,CRI,2976842000
12/31/2016,0,3199184000,CRI,2770273000
1/2/2016,0,3013879000,CRI,2619136000
1/3/2015,0,2893868000,CRI,2550049000
12/31/2017,0,0,CVNA,0
12/31/2016,0,365148000,CVNA,454627000
12/31/2015,0,130392000,CVNA,165724000
12/31/2014,0,41679000,CVNA,56787000
12/31/2017,54502000,131429000,CSLT,190395000
12/31/2016,40460000,101700000,CSLT,157780000
12/31/2015,30077000,75315000,CSLT,155533000
12/31/2014,22917000,45605000,CSLT,129124000
6/30/2018,6300000,2463400000,CTLT,2162200000
6/30/2017,7000000,2075400000,CTLT,1814400000
6/30/2016,7600000,1848100000,CTLT,1618600000
6/30/2015,12200000,1830800000,CTLT,1552800000
12/31/2017,0,92033000,CTT           ,94469000
12/31/2016,0,81855000,CTT           ,85863000
12/31/2015,0,69122000,CTT           ,73942000
12/31/2014,0,54311000,CTT           ,51593000
12/31/2017,1905000000,45462000000,CAT,39886000000
12/31/2016,1951000000,38537000000,CAT,36653000000
12/31/2015,2119000000,47011000000,CAT,42352000000
12/31/2014,2380000000,55184000000,CAT,51418000000
2/3/2018,0,849981000,CATO,831307000
1/28/2017,0,956569000,CATO,900759000
1/30/2016,0,1011091000,CATO,913239000
1/31/2015,0,986914000,CATO,898829000
12/31/2017,0,855340000,CBZ,788879000
12/31/2016,0,799832000,CBZ,734045000
12/31/2015,0,750422000,CBZ,684918000
12/31/2014,0,719483000,CBZ,663987000
12/31/2017,0,927252000,CBL,618006000
12/31/2016,0,1028257000,CBL,652982000
12/31/2015,0,1055018000,CBL,669116000
12/31/2014,0,1060739000,CBL,667602000
12/31/2017,0,0,IGR,0
12/31/2016,0,42903.394,IGR,11584.547
12/31/2015,0,44900.398,IGR,12454.439
12/31/2014,0,47649.827,IGR,12250.832
12/31/2017,0,14209608000,CBRE,13130643000
12/31/2016,0,13071589000,CBRE,12067721000
12/31/2015,0,10855810000,CBRE,10030637000
12/31/2014,0,9049918000,CBRE,8304799000
12/31/2017,0,13692000000,CBS,10863000000
12/31/2016,0,13166000000,CBS,10314000000
12/31/2015,0,12671000000,CBS,10107000000
12/31/2014,0,12519000000,CBS,9910000000
12/31/2017,0,1321967000,FUN,1015905000
12/31/2016,0,1288721000,FUN,959195000
12/31/2015,0,1235778000,FUN,919574000
12/31/2014,0,1159605000,FUN,872437000
12/31/2017,0,146008000,CDR,101507000
12/31/2016,0,151086000,CDR,104382000
12/31/2015,0,149207000,CDR,99426000
12/31/2014,0,148184000,CDR,100712000
12/31/2017,72000000,6140000000,CE,5170000000
12/31/2016,78000000,5389000000,CE,4487000000
12/31/2015,80000000,5674000000,CE,4953000000
12/31/2014,86000000,6802000000,CE,6041000000
12/31/2017,26200000,6110500000,CLS,5933000000
12/31/2016,24900000,6016500000,CLS,5838500000
12/31/2015,23200000,5639200000,CLS,5487700000
12/31/2014,19700000,5631300000,CLS,5472900000
12/31/2017,0,3871000000,CEL,3585000000
12/31/2016,0,4027000000,CEL,3694000000
12/31/2015,0,4180000000,CEL,3846000000
12/31/2014,0,4570000000,CEL,3862000000
12/31/2017,0,1225639000,CPAC,1020521000
12/31/2016,0,1240169000,CPAC,964240000
12/31/2015,0,1231015000,CPAC,910687000
12/31/2014,0,1242579000,CPAC,937260000
12/31/2017,0,258131000000,CX,226327000000
12/31/2016,0,249945000000,CX,215170000000
12/31/2015,0,219299000000,CX,193075000000
12/31/2014,0,199942000000,CX,178670000000
12/31/2017,36000000,17043000000,CVE,17835000000
12/31/2016,36000000,11006000000,CVE,11652000000
12/31/2015,27000000,11529000000,CVE,11665000000
12/31/2014,15000000,19642000000,CVE,17407000000
12/31/2017,0,45807000000,CNC,44338000000
12/31/2016,0,37688000000,CNC,35996000000
12/31/2015,0,21292000000,CNC,20533000000
12/31/2014,0,15689000000,CNC,15203000000
12/31/2017,0,9614000000,CNP,8542000000
12/31/2016,0,7528000000,CNP,6569000000
12/31/2015,0,7386000000,CNP,6453000000
12/31/2014,0,9226000000,CNP,8291000000
12/31/2017,0,32953197000,EBR,33072114000
12/31/2016,0,31715450000,EBR,35418979000
12/31/2015,0,32180843000,EBR,32827811000
12/31/2014,0,30137807000,EBR,24570728000
12/31/2017,0,5956596000,CEPU,3360902000
12/31/2016,0,3562721000,CEPU,1776424000
12/31/2015,0,2654180000,CEPU,1557150000
12/31/2014,0,1299447000,CEPU,1204972000
12/31/2017,0,1423799000,CCS,1327718000
12/31/2016,0,994440000,CCS,922179000
12/31/2015,0,734489000,CCS,672802000
12/31/2014,0,362392000,CCS,326593000
12/31/2017,0,17656000000,CTL,15497000000
12/31/2016,0,17470000000,CTL,15099000000
12/31/2015,0,17900000000,CTL,15321000000
12/31/2014,0,18031000000,CTL,15514000000
12/31/2017,0,750700000,CDAY,705100000
12/31/2016,0,704200000,CDAY,681300000
12/31/2015,0,693900000,CDAY,652200000
12/31/2017,0,4130000000,CF,3905000000
12/31/2016,0,3685000000,CF,3124000000
12/31/2015,0,4308000000,CF,2988000000
12/31/2014,0,4743000000,CF,3142000000
12/31/2017,28800000,1320800000,CGG,1407400000
12/31/2016,13600000,1196900000,CGG,1409500000
12/31/2015,68700000,2102300000,CGG,2065400000
12/31/2014,101200000,3096900000,CGG,2872500000
9/30/2017,0,10845066000,GIB,9263237000
9/30/2016,0,10683264000,GIB,9127166000
9/30/2015,0,10287096000,GIB,8820323000
9/30/2014,0,10499692000,GIB,9135646000
12/31/2017,21868000,122535000,ECOM          ,136274000
12/31/2016,17736000,113200000,ECOM          ,127037000
12/31/2015,16566000,100585000,ECOM          ,120013000
12/31/2014,16585000,84901000,ECOM          ,118422000
12/31/2017,0,279443000,CHAP,250756000
12/31/2016,0,242542000,CHAP,267489000
12/31/2015,0,314362000,CHAP,239767000
12/31/2014,0,653252000,CHAP,217905000
12/31/2017,0,430369000,CHRA,397874000
12/31/2016,0,265068000,CHRA,238398000
12/30/2017,0,1857601000,CRL,1542093000
12/31/2016,0,1681432000,CRL,1405911000
12/26/2015,0,1363302000,CRL,1133247000
12/27/2014,0,1297662000,CRL,1105800000
12/31/2017,0,297518000,CLDT,236235000
12/31/2016,0,289799000,CLDT,230745000
12/31/2015,0,275018000,CLDT,217684000
12/31/2014,0,191059000,CLDT,168528000
12/31/2017,684863000,4974757000,CMCM,4489015000
12/31/2016,905854000,4564650000,CMCM,4574209000
12/31/2015,695185000,3773877000,CMCM,3507097000
12/31/2014,443214000,1858182000,CMCM,1757212000
12/31/2017,81926000,255066000,CHGG,276738000
12/31/2016,66331000,254090000,CHGG,293063000
12/31/2015,59391000,301373000,CHGG,353234000
12/31/2014,49386000,304834000,CHGG,361737000
12/31/2017,0,1666724000,CHE,1457402000
12/31/2016,0,1576881000,CHE,1388381000
12/31/2015,0,1543388000,CHE,1353956000
12/31/2014,0,1456282000,CHE,1285722000
12/31/2017,80000000,6183000000,CC,5111000000
12/31/2016,80000000,5400000000,CC,4969000000
12/31/2015,97000000,5717000000,CC,5491000000
12/31/2014,143000000,6432000000,CC,5900000000
12/31/2017,0,62562000,CHMI,13947000
12/31/2016,0,34493000,CHMI,8792000
12/31/2015,0,19188000,CHMI,6625000
12/31/2014,0,7823000,CHMI,5588000
12/31/2017,0,9407000000,CHK,8178000000
12/31/2016,0,7798000000,CHK,8706000000
12/31/2015,0,12665000000,CHK,12845000000
12/31/2014,0,22893000000,CHK,19309000000
12/31/2017,0,14996000,CHKR,1685000
12/31/2016,0,11982000,CHKR,-503000
12/31/2015,0,35696000,CHKR,-17619000
12/31/2014,0,94077000,CHKR,10093000
12/31/2017,0,598267000,CHSP,491106000
12/31/2016,0,619699000,CHSP,509746000
12/31/2015,0,582624000,CHSP,480665000
12/31/2014,0,477980000,CHSP,394948000
12/31/2017,0,0,CPK,0
12/31/2016,0,498860000,CPK,414894000
12/31/2015,0,459244000,CPK,382472000
12/31/2014,0,498834000,CPK,428888000
12/31/2017,0,127485000000,CVX,123986000000
12/31/2016,0,103310000000,CVX,109340000000
12/31/2015,0,122566000000,CVX,125713000000
12/31/2014,0,192308000000,CVX,172240000000
2/3/2018,0,2282379000,CHS,2131209000
1/28/2017,0,2476410000,CHS,2302181000
1/30/2016,0,2660635000,CHS,2511063000
1/31/2015,0,2693929000,CHS,2529441000
12/31/2017,0,687018000,CIM,89552000
12/31/2016,0,611138000,CIM,75595000
12/31/2015,0,448881000,CIM,85124000
12/31/2014,0,575145000,CIM,53985000
9/30/2017,0,130988000,DL,111515000
9/30/2016,0,117548000,DL,89057000
9/30/2015,0,108177000,DL,81516000
9/30/2014,0,97196000,DL,72640000
12/31/2017,0,101721000000,CEA,95056000000
12/31/2016,0,98560000000,CEA,91624000000
12/31/2015,0,93844000000,CEA,86535000000
12/31/2014,0,89746000000,CEA,88010000000
6/30/2017,0,285213.04,CGA,253235.269
6/30/2016,0,268785.02,CGA,236193.101
6/30/2015,0,263354.288,CGA,221641.364
6/30/2014,0,233402.088,CGA,192922.613
12/31/2017,0,650356000000,LFC,593869000000
12/31/2016,0,546533000000,LFC,510860000000
12/31/2015,0,509224000000,LFC,455613000000
12/31/2014,0,444356000000,LFC,398977000000
12/31/2017,0,2140871.979,BORN,1960467.636
12/31/2016,0,2132680.185,BORN,2002850.226
12/31/2015,0,2652043.999,BORN,2427703.354
12/31/2014,0,2433820.369,BORN,2221683.787
12/31/2017,223202000,847993000,COE,1418783000
12/31/2016,152709000,418281000,COE,930413000
12/31/2015,54597000,154675000,COE,476505000
12/31/2014,10781000,52210000,COE,145817000
12/31/2017,0,2359400000000,SNP,2277927000000
12/31/2016,0,1930002000000,SNP,1866037000000
12/31/2015,0,2019401000000,SNP,1960954000000
12/31/2014,0,2826892000000,SNP,2748206000000
12/31/2017,11642000,92777000,XRF,125245000
12/31/2016,8630000,56983000,XRF,90337000
12/31/2015,5675000,63481000,XRF,91044000
12/31/2014,5675000,61308000,XRF,62091000
12/31/2017,0,127489000000,ZNH,119530000000
12/31/2016,0,114803000000,ZNH,106139000000
12/31/2015,0,111500000000,ZNH,101490000000
12/31/2014,0,108313000000,ZNH,105858000000
12/31/2017,0,366229000000,CHA,339009000000
12/31/2016,0,352534000000,CHA,325314000000
12/31/2015,0,331202000000,CHA,304760000000
12/31/2014,0,324394000000,CHA,295886000000
12/31/2017,0,274829000000,CHU,267407000000
12/31/2016,0,274197000000,CHU,271149000000
12/31/2015,0,277049000000,CHU,264319000000
12/31/2014,0,284681000000,CHU,264714000000
12/31/2017,608181000,16222442000,CYD,14941100000
12/31/2016,588007000,13664840000,CYD,12719892000
12/31/2015,506955000,13733437000,CYD,12859873000
12/31/2014,494594000,16436142000,CYD,15092895000
12/31/2017,0,4476412000,CMG,4162273000
12/31/2016,0,3904384000,CMG,3845940000
12/31/2015,0,4501223000,CMG,3724440000
12/31/2014,0,4108269000,CMG,3390493000
12/31/2017,0,1007356000,CHH,728091000
12/31/2016,0,924641000,CHH,679952000
12/31/2015,0,859878000,CHH,634559000
12/31/2014,0,757970000,CHH,543402000
2/3/2018,0,365906000,CBK,388231000
1/28/2017,0,381605000,CBK,395051000
1/30/2016,0,383828000,CBK,393811000
1/31/2015,0,418584000,CBK,408953000
12/31/2017,0,32340000000,CB,28069000000
12/31/2016,0,31480000000,CB,25810000000
12/31/2015,0,18968000000,CB,15452000000
12/31/2014,0,19173000000,CB,15622000000
12/31/2017,3886000000,227514000000,CHT,180706000000
12/31/2016,3785000000,229991000000,CHT,181390000000
12/31/2015,3617000000,231795000000,CHT,181329000000
12/31/2014,3504000000,226609000000,CHT,182443000000
12/31/2017,0,3776200000,CHD,3043500000
12/31/2016,0,3493100000,CHD,2764000000
12/31/2015,0,3394800000,CHD,2711700000
12/31/2014,0,3297600000,CHD,2651400000
10/31/2017,475329000,2801687000,CIEN,2576698000
10/31/2016,451794000,2600573000,CIEN,2434858000
10/31/2015,414201000,2445669000,CIEN,2311056000
10/31/2014,401180000,2288289000,CIEN,2242236000
12/31/2017,0,41616000000,CI,37247000000
12/31/2016,0,39668000000,CI,36108000000
12/31/2015,0,37876000000,CI,34154000000
12/31/2014,0,34914000000,CI,31345000000
12/31/2017,0,1918249000,XEC,1167535000
12/31/2016,0,1257345000,XEC,1071562000
12/31/2015,0,1452619000,XEC,1429076000
12/31/2014,0,2424176000,XEC,1579798000
12/31/2017,0,1288500000,CBB,1199200000
12/31/2016,0,1185800000,CBB,1079800000
12/31/2015,0,1167800000,CBB,1027500000
12/31/2014,0,1161500000,CBB,980700000
12/31/2017,0,2991547000,CNK,2561369000
12/31/2016,0,2918765000,CNK,2472535000
12/31/2015,0,2852609000,CNK,2412513000
12/31/2014,0,2626990000,CNK,2241558000
12/31/2017,0,497300000,CINR,405400000
12/31/2016,0,475200000,CINR,384500000
12/31/2015,0,486400000,CINR,376100000
12/31/2014,0,465000000,CINR,368000000
12/31/2017,5500000,661710000,CIR,627091000
12/31/2016,5900000,590259000,CIR,557750000
12/31/2015,5900000,656267000,CIR,603846000
12/31/2014,7800000,841446000,CIR,755237000
12/31/2017,22102000,631637000,CISN,551371000
12/31/2016,19445000,467772000,CISN,440511000
12/31/2015,16604000,333958000,CISN,333565000
12/31/2014,6171.272,185578.894,CISN,243933.798
12/31/2017,0,2380100000,CIT,1654700000
12/31/2016,0,2182400000,CIT,1722000000
12/31/2015,0,1778800000,CIT,1477100000
12/31/2014,0,1630800000,CIT,1270200000
12/31/2017,0,64277000000,C,41185000000
12/31/2016,0,63126000000,C,41649000000
12/31/2015,0,69246000000,C,44420000000
12/31/2014,0,70391000000,C,55690000000
12/31/2017,0,5384000000,CFG,3294000000
12/31/2016,0,4882000000,CFG,3182000000
12/31/2015,0,4513000000,CFG,3113000000
12/31/2014,0,4367000000,CFG,3136000000
12/31/2017,0,252528000,CIA,250982000
12/31/2016,0,245406000,CIA,239923000
12/31/2015,0,236268000,CIA,238211000
12/31/2014,0,230225000,CIA,232175000
12/31/2017,0,0,CIO,0
12/31/2016,0,72461000,CIO,72066000
12/31/2015,0,55052000,CIO,47566000
12/31/2014,0,36896000,CIO,32148000
12/31/2017,0,382276000,CVEO,446365000
12/31/2016,0,397230000,CVEO,446261000
12/31/2015,0,517963000,CVEO,547940000
12/31/2014,0,942891000,CVEO,787024000
9/30/2017,0,1474510000,CIVI,1402423000
9/30/2016,0,1407587000,CIVI,1337235000
9/30/2015,0,1366946000,CIVI,1293140000
9/30/2014,0,1255838000,CIVI,1195760000
12/31/2017,0,2944978000,CLH,2817203000
12/31/2016,0,2755226000,CLH,2650351000
12/31/2015,0,3275137000,CLH,3055566000
12/31/2014,0,3401636000,CLH,3166412000
12/31/2017,0,2591265000,CCO,2367080000
12/31/2016,0,2688884000,CCO,2380432000
12/31/2015,0,2806204000,CCO,2508883000
12/31/2014,0,2961259000,CCO,2652886000
12/31/2017,0,1730408000,CLW,1645197000
12/31/2016,0,1734763000,CLW,1625981000
12/31/2015,0,1752401000,CLW,1625289000
12/31/2014,0,1967139000,CLW,1824142000
12/31/2017,0,2330200000,CLF,1920200000
12/31/2016,0,2109000000,CLF,1862200000
12/31/2015,0,2013300000,CLF,1881700000
12/31/2014,0,3373200000,CLF,2633100000
12/31/2017,0,103952000,CLPR,74448000
12/31/2016,0,93005000,CLPR,67208000
12/31/2015,0,84604000,CLPR,56101000
12/31/2014,0,47772000,CLPR,33389000
6/30/2018,132000000,6124000000,CLX,4995000000
6/30/2017,135000000,5973000000,CLX,4864000000
6/30/2016,141000000,5761000000,CLX,4710000000
6/30/2015,136000000,5655000000,CLX,4653000000
12/31/2017,0,861306000,CLD,856343000
12/31/2016,0,771838000,CLD,697896000
12/31/2015,0,1087811000,CLD,1077661000
12/31/2014,0,1282044000,CLD,1224504000
1/31/2018,215695000,367443000,CLDR,757736000
1/31/2017,102309000,261026000,CLDR,426791000
1/31/2016,99314000,166048000,CLDR,370685000
12/31/2017,0,6583000000,CMS,5221000000
12/31/2016,0,6399000000,CMS,5092000000
12/31/2015,0,6456000000,CMS,5293000000
12/31/2014,0,7179000000,CMS,6027000000
12/31/2017,0,9542000000,CNA,8071000000
12/31/2016,0,9366000000,CNA,8070000000
12/31/2015,0,9101000000,CNA,8397000000
12/31/2014,0,9692000000,CNA,8388000000
12/31/2017,957000000,25736000000,CNHI,24401000000
12/31/2016,860000000,23302000000,CNHI,22120000000
12/31/2015,856000000,24309000000,CNHI,23101000000
12/31/2014,1106000000,30727000000,CNHI,28819000000
12/31/2017,0,4297200000,CNO,3683500000
12/31/2016,0,3985100000,CNO,3515500000
12/31/2015,0,3811900000,CNO,3316500000
12/31/2014,0,4144700000,CNO,3636400000
12/31/2017,0,186396000000,CEO,151206000000
12/31/2016,0,146048000000,CEO,151123000000
12/31/2015,0,171595000000,CEO,156032000000
12/31/2014,0,273142000000,CEO,196069000000
12/31/2017,0,233848000,CNXM,91312000
12/31/2016,0,239211000,CNXM,97207000
12/31/2015,0,203423000,CNXM,87057000
12/31/2014,0,130172000,CNXM,65321000
12/31/2017,0,1365610000,CEIX,1199458000
12/31/2016,0,1172110000,CEIX,1105724000
12/31/2015,0,1360550000,CEIX,923415000
12/31/2014,0,1709899000,CEIX,1354041000
12/31/2017,0,1195371000,CNX,1149286000
12/31/2016,0,847911000,CNX,1316629000
12/31/2015,0,750898000,CNX,670497000
12/31/2014,0,2959241000,CNX,2579887000
12/31/2017,0,203780000000,KOF,177910000000
12/31/2016,0,177718000000,KOF,154433000000
12/31/2015,0,152360000000,KOF,129584000000
12/31/2014,0,147298000000,KOF,126299000000
12/31/2017,0,35410000000,KO,25800000000
12/31/2016,0,41863000000,KO,32001000000
12/31/2015,0,44294000000,KO,34054000000
12/31/2014,0,45998000000,KO,35131000000
12/31/2017,0,11062000000,CCE,9736000000
12/31/2016,0,9133000000,CCE,8269000000
12/31/2015,0,6329000000,CCE,5570000000
12/31/2014,0,6217000000,CCE,5470000000
12/31/2017,0,709598000,CDE,667236000
12/31/2016,0,571897000,CDE,524546000
12/31/2015,0,561407000,CDE,810748000
12/31/2014,0,635742000,CDE,1956137000
12/31/2017,0,103135.556,UTF,28438.125
12/31/2016,0,102168.011,UTF,26966.793
12/31/2015,0,102271.78,UTF,28555.623
12/31/2014,0,106508.53,UTF,28803.372
12/31/2017,0,63242.149,RQI,18441.844
12/31/2016,0,66272.683,RQI,18267.422
12/31/2015,0,58813.787,RQI,18138.754
12/31/2014,0,59004.28,RQI,16804.334
12/31/2017,0,62815.109,RNP,10779.297
12/31/2016,0,66236.839,RNP,10624.539
12/31/2015,0,60411.77,RNP,10660.833
12/31/2014,0,62636.013,RNP,10004.604
12/31/2017,0,10939.813,RFI,3064.91
12/31/2016,0,11630.703,RFI,3037.387
12/31/2015,0,10554.821,RFI,3107.9
12/31/2014,0,7619.325,RFI,2240.492
12/31/2017,42900000,3300184000,CFX,3006449000
12/31/2016,39300000,3185753000,CFX,2895671000
12/31/2015,38000000,3434352000,CFX,3114306000
12/31/2014,43000000,4624476000,CFX,4133802000
12/31/2017,0,15454000000,CL,11543000000
12/31/2016,0,15195000000,CL,11221000000
12/31/2015,0,16034000000,CL,12090000000
12/31/2014,0,17277000000,CL,13130000000
11/30/2017,0,4365.18,CIF,753.631
11/30/2016,0,4925.431,CIF,753.227
11/30/2015,0,5176.124,CIF,837.932
11/30/2014,0,5505.31,CIF,898.946
12/31/2017,0,2845202000,CLNY,2071947000
12/31/2016,0,865139000,CLNY,498158000
12/31/2015,0,830594000,CLNY,445958000
12/31/2014,0,299837000,CLNY,74477000
12/31/2017,0,586146000,CLNC,236733000
12/31/2016,0,537805000,CLNC,224844000
12/31/2017,0,289000000,CXP,240029000
12/31/2016,0,462743000,CXP,363463000
12/31/2015,0,566065000,CXP,461485000
12/31/2014,0,540797000,CXP,424198000
12/31/2017,0,3094000000,CMA,1751000000
12/31/2016,0,2600000000,CMA,1763000000
12/31/2015,0,2577000000,CMA,1801000000
12/31/2014,0,2485000000,CMA,1576000000
12/31/2017,0,1787922000,FIX,1687827000
12/31/2016,0,1634340000,FIX,1533532000
12/31/2015,0,1580519000,FIX,1491355000
12/31/2014,0,1410795000,FIX,1368676000
8/31/2017,0,4569675000,CMC,4449788000
8/31/2016,0,4177518000,CMC,3995179000
8/31/2015,0,5424413000,CMC,5241656000
8/31/2014,0,6790438000,CMC,6541139000
12/31/2017,0,507114000,CBU,300749000
12/31/2016,0,421445000,CBU,255992000
12/31/2015,0,365272000,CBU,218393000
12/31/2014,0,356270000,CBU,215471000
12/31/2017,0,15353000000,CYH,15135000000
12/31/2016,0,18438000000,CYH,17352000000
12/31/2015,0,19437000000,CYH,18019000000
12/31/2014,0,18639000000,CYH,17001000000
12/31/2017,0,37343000,CHCT,29956000
12/31/2016,0,25197000,CHCT,21807000
12/31/2015,0,8632000,CHCT,9759000
12/31/2014,0,18733.671,CHCT,10602.557
12/31/2017,0,21711690000,CIG,18689646000
12/31/2016,0,18772656000,CIG,15893536000
12/31/2015,0,21867842000,CIG,18386332000
12/31/2014,0,19539578000,CIG,14449690000
12/31/2017,0,44634000000,CBD,42486000000
12/31/2016,0,41454000000,CBD,40089000000
12/31/2015,0,37198000000,CBD,35461000000
12/31/2014,0,65407000000,CBD,61248000000
12/31/2017,0,14608233000,SBS,10643706000
12/31/2016,0,14098208000,SBS,10672410000
12/31/2015,0,11711569000,SBS,8671704000
12/31/2014,0,11213216000,SBS,9218108000
12/31/2017,0,14024573000,ELP,11598558000
12/31/2016,0,13101753000,ELP,11279346000
12/31/2015,0,14945844000,ELP,12929468000
12/31/2014,0,13995506000,ELP,12473777000
12/31/2017,0,1698360794000,CCU,1473879403000
12/31/2016,0,1558897708000,CCU,1369871144000
12/31/2015,0,1498371715000,CCU,1288031468000
12/31/2014,0,1297966299000,CCU,1117329823000
12/31/2017,0,1269729000,CODI,1200017000
12/31/2016,0,978309000,CODI,908614000
12/31/2015,0,727978000,CODI,673419000
12/31/2014,0,636675000,CODI,600018000
12/31/2017,0,1364400000,CMP,1204100000
12/31/2016,0,1138000000,CMP,951900000
12/31/2015,0,1098700000,CMP,877300000
12/31/2014,0,1282500000,CMP,1054800000
12/31/2017,0,176580000,CRK,21500000
12/31/2016,0,78344000,CRK,9260000
12/31/2015,0,21272000,CRK,1120000
5/27/2018,0,7938300000,CAG,6695300000
5/28/2017,0,7826900000,CAG,6512200000
5/29/2016,0,8664100000,CAG,7922600000
5/31/2015,0,9034000000,CAG,8042800000
12/31/2017,0,2586000000,CXO,2190000000
12/31/2016,0,1635000000,CXO,3822000000
12/31/2015,0,1804000000,CXO,1423000000
12/31/2014,0,2660147000,CXO,1570402000
12/31/2017,0,330977000,CCM,514233000
12/31/2016,0,455042000,CCM,562544000
12/31/2015,0,616485000,CCM,599103000
12/31/2014,0,606883000,CCM,423234000
12/31/2017,13000000,6022000000,CNDT,5830000000
12/31/2016,31000000,6408000000,CNDT,6485000000
12/31/2015,52000000,6662000000,CNDT,6735000000
12/31/2014,46000000,6938000000,CNDT,6755000000
12/31/2017,0,29878000000,COP,27278000000
12/31/2016,0,23745000000,COP,28665000000
12/31/2015,0,30219000000,COP,35082000000
12/31/2014,0,55053000000,COP,44688000000
12/31/2017,0,318908000,CCR,266664000
12/31/2016,0,279554000,CCR,244975000
12/31/2015,0,326950000,CCR,252837000
12/31/2014,0,408803000,CCR,296499000
12/31/2017,0,12033000000,ED,9424000000
12/31/2016,0,12075000000,ED,9604000000
12/31/2015,0,12554000000,ED,10127000000
12/31/2014,0,12919000000,ED,10755000000
2/28/2018,0,7585000000,STZ,5105700000
2/28/2017,0,7331500000,STZ,5075200000
2/29/2016,0,6548400000,STZ,4712000000
2/28/2015,0,6028000000,STZ,4494800000
12/31/2017,36000000,5237000000,CSTM,4925000000
12/31/2016,32000000,4743000000,CSTM,4498000000
12/31/2015,35000000,5153000000,CSTM,5049000000
12/31/2014,38000000,3666000000,CSTM,3434000000
3/31/2018,0,857228000,TCS,810213000
4/1/2017,0,819930000,TCS,777773000
4/2/2016,0,830616000,TCS,803712000
2/27/2016,0,794630000,TCS,769708000
12/31/2017,0,489163000,CBPX,399578000
12/31/2016,0,461375000,CBPX,374235000
12/31/2015,0,421682000,CBPX,377677000
12/31/2014,0,424502000,CBPX,363741000
12/31/2017,0,2820903000,CLR,2367026000
12/31/2016,0,1909744000,CLR,2501767000
12/31/2015,0,2388445000,CLR,2635595000
12/31/2014,0,4241859000,CLR,2374623000
12/31/2017,0,24845375000,VLRS,24892608000
12/31/2016,0,23512451000,VLRS,21257151000
12/31/2015,0,18179704000,VLRS,15850475000
12/31/2014,0,14036742000,VLRS,13846547000
12/31/2017,0,2792100000,CVG,2567900000
12/31/2016,0,2913600000,CVG,2688800000
12/31/2015,0,2950600000,CVG,2727400000
12/31/2014,0,2855500000,CVG,2666900000
12/31/2017,0,2854656000,CTB,2563962000
12/31/2016,0,2924869000,CTB,2462772000
12/31/2015,0,2972901000,CTB,2539621000
12/31/2014,0,3424809000,CTB,3047739000
12/31/2017,0,3618126000,CPS,3310380000
12/31/2016,0,3472891000,CPS,3181552000
12/31/2015,0,3342804000,CPS,3099505000
12/31/2014,0,3243987000,CPS,3052719000
12/31/2017,0,2527556000,CPA,2087495000
12/31/2016,0,2221852000,CPA,1939785000
12/31/2015,0,2253710000,CPA,1985416000
12/31/2014,0,2705068000,CPA,2183981000
12/31/2017,0,659809000,CLB,545986000
12/31/2016,0,594741000,CLB,507854000
12/31/2015,0,797520000,CLB,609890000
12/31/2014,0,1085222000,CLB,736284000
12/31/2017,0,1765498000,CXW,1504488000
12/31/2016,0,1849785000,CXW,1547759000
12/31/2015,0,1793087000,CXW,1507978000
12/31/2014,0,1646867000,CXW,1376489000
12/31/2017,0,1851117000,CLGX,1612499000
12/31/2016,0,1952557000,CLGX,1668181000
12/31/2015,0,1528110000,CLGX,1317516000
12/31/2014,0,1405040000,CLGX,1221312000
12/31/2017,0,88749.377,CORR,41563.914
12/31/2016,0,89250.586,CORR,41256.599
12/31/2015,0,71288.935,CORR,35941.192
12/31/2014,0,40308.573,CORR,29659.758
12/31/2017,0,0,CPLG,0
12/31/2016,0,981104000,CPLG,803290000
12/31/2015,0,1006770000,CPLG,813469000
12/31/2014,0,955457000,CPLG,820403000
12/31/2017,0,481821000,COR,357009000
12/31/2016,0,400352000,COR,305735000
12/31/2015,0,333292000,COR,268886000
12/31/2014,0,272420000,COR,226274000
12/31/2017,860000000,10116000000,GLW,8486000000
12/31/2016,742000000,9390000000,GLW,8021000000
12/31/2015,769000000,9111000000,GLW,7778000000
12/31/2014,815000000,9715000000,GLW,7869000000
12/31/2017,0,1575153000,CAAP,1209069000
12/31/2016,0,1366336000,CAAP,1017885000
12/31/2015,0,1187090000,CAAP,913468000
12/31/2017,0,397709000,CCT,121251000
12/31/2016,0,386468000,CCT,121542000
12/31/2015,0,311097000,CCT,95132000
12/31/2014,0,230712000,CCT,73676000
12/31/2017,0,615702000,OFC,461128000
12/31/2016,0,575660000,OFC,414073000
12/31/2015,0,625528000,OFC,477983000
12/31/2014,0,586702000,OFC,440545000
12/31/2017,0,0,CZZ,11215137000
12/31/2016,0,12518139000,CZZ,10350060000
12/31/2015,0,12355536000,CZZ,10416307000
12/31/2014,0,8904743000,CZZ,7822743000
12/31/2017,0,412433000,CMRE,250255000
12/31/2016,0,468189000,CMRE,260173000
12/31/2015,0,490378000,CMRE,274024000
12/31/2014,0,483995000,CMRE,271854000
12/30/2017,0,2269700000,COT,2184700000
12/31/2016,0,1623200000,COT,1579300000
1/2/2016,0,1187300000,COT,1145200000
1/3/2015,2900000,2102800000,COT,2040000000
6/30/2018,0,9398000000,COTY,8751000000
6/30/2017,0,7650300000,COTY,7175600000
6/30/2016,0,4349100000,COTY,3807000000
6/30/2015,0,4395200000,COTY,3864000000
12/31/2017,0,466185000,CUZ,391677000
12/31/2016,0,259211000,CUZ,223707000
12/31/2015,0,204369000,CUZ,174817000
12/31/2014,0,177561000,CUZ,163787000
12/31/2017,0,1752000000,CVA,1668000000
12/31/2016,0,1699000000,CVA,1575300000
12/31/2015,0,1645000000,CVA,1493000000
12/31/2014,0,1682000000,CVA,1464000000
12/31/2017,0,1444487000,CVIA,1264581000
12/31/2016,0,1093476000,CVIA,1051090000
12/31/2015,0,1472903000,CVIA,1399733000
12/31/2017,0,206129000,CPF,128248000
12/31/2016,0,201201000,CPF,129691000
12/31/2015,0,198920000,CPF,122804000
12/31/2014,0,189635000,CPF,122093000
12/31/2017,0,26744905000,CPL,23570440000
12/31/2016,0,19112089000,CPL,16457616000
12/31/2015,0,20599212000,CPL,17898515000
12/31/2014,0,17305942000,CPL,14745143000
12/31/2017,0,2786000000,CR,2363300000
12/31/2016,0,2748000000,CR,2355300000
12/31/2015,0,2740500000,CR,2352600000
12/31/2014,0,2925000000,CR,2569700000
12/31/2017,0,11860299000,BAP,6256342000
12/31/2016,0,11005703000,BAP,6025464000
12/31/2015,0,10247955000,BAP,5766741000
12/31/2014,0,9280579000,BAP,5899527000
12/31/2017,0,20690000000,CS,18014000000
12/31/2016,0,20071000000,CS,18962000000
12/31/2015,0,23473000000,CS,20764000000
12/31/2014,0,26056000000,CS,19750000000
12/31/2017,0,2830900000,CPG,2762300000
12/31/2016,0,2184600000,CPG,3343700000
12/31/2015,0,2364300000,CPG,3295600000
12/31/2014,0,3459900000,CPG,2503600000
12/31/2017,0,3880900000,CEQP,3798900000
12/31/2016,0,2520500000,CEQP,2401000000
12/31/2015,0,2632800000,CEQP,2490100000
12/31/2014,0,3931300000,CEQP,3754100000
12/31/2017,0,0,CRH,23136000000
12/31/2016,0,24789000000,CRH,22893000000
12/31/2015,0,21406000000,CRH,20227000000
12/31/2014,0,18912000000,CRH,17962000000
12/31/2017,0,6628.934,CRT,575.144
12/31/2016,0,7564.815,CRT,1200.015
12/31/2015,0,8884.362,CRT,755.694
12/31/2014,0,16140.638,CRT,504.167
12/31/2017,0,2014890000,CAPL,1990678000
12/31/2016,0,1790269000,CAPL,1773244000
12/31/2015,0,2126932000,CAPL,2113762000
12/31/2014,0,2599926000,CAPL,2592939000
12/31/2017,0,4355605000,CCI,3232807000
12/31/2016,0,3921225000,CCI,2920103000
12/31/2015,0,3663851000,CCI,2668525000
12/31/2014,0,3538756000,CCI,2549683000
12/31/2017,0,8698000000,CCK,7576000000
12/31/2016,0,8284000000,CCK,7216000000
12/31/2015,0,8762000000,CCK,7749000000
12/31/2014,0,9097000000,CCK,8113000000
12/31/2017,19461000,189702000,CRY,179032000
12/31/2016,13446000,180380000,CRY,163475000
12/31/2015,10436000,145898000,CRY,137544000
12/31/2014,8699000,144641000,CRY,135803000
3/31/2018,0,361896000,CSS,352976000
3/31/2017,0,322431000,CSS,306667000
3/31/2016,0,317017000,CSS,289765000
3/31/2015,0,313044000,CSS,285293000
12/31/2017,25146000,422993000,CTS,379360000
12/31/2016,24040000,396679000,CTS,341111000
12/31/2015,22461000,382310000,CTS,336617000
12/31/2014,22563000,404021000,CTS,355737000
12/31/2017,0,557557000,CUBE,363234000
12/31/2016,0,507377000,CUBE,360535000
12/31/2015,0,444110000,CUBE,333332000
12/31/2014,0,370708000,CUBE,287936000
9/30/2017,52652000,1485861000,CUB,1469357000
9/30/2016,31976000,1461665000,CUB,1432821000
9/30/2015,20292000,1431045000,CUB,1348079000
9/30/2014,17959000,1398352000,CUB,1304768000
12/31/2017,0,1167432000,CFR,731538000
12/31/2016,0,1074047000,CFR,706403000
12/31/2015,0,1013517000,CFR,675874000
12/31/2014,0,990764000,CFR,630888000
4/29/2018,0,323725000,CULP,295925000
4/30/2017,0,309544000,CULP,278906000
5/1/2016,0,312860000,CULP,284522000
5/3/2015,0,310166000,CULP,287377000
12/31/2017,752000000,20428000000,CMI,18431000000
12/31/2016,636000000,17509000000,CMI,15728000000
12/31/2015,735000000,19110000000,CMI,16992000000
12/31/2014,754000000,19221000000,CMI,17203000000
12/31/2017,60308000,2271026000,CW,1931283000
12/31/2016,58592000,2108931000,CW,1800833000
12/31/2015,60837000,2205683000,CW,1895066000
12/31/2014,67842000,2243126000,CW,1960753000
12/31/2017,0,6923900000,CWK,7063000000
12/31/2016,0,6215700000,CWK,6494100000
12/31/2015,0,4193200000,CWK,4352500000
12/31/2017,0,339485000,CUBI,206720000
12/31/2016,0,302826000,CUBI,156686000
12/31/2015,0,203441000,CUBI,101702000
12/31/2014,0,162302000,CUBI,82071000
12/31/2017,0,5988400000,CVI,5880400000
12/31/2016,0,4782400000,CVI,4707800000
12/31/2015,0,5432500000,CVI,5064500000
12/31/2014,0,9109500000,CVI,8659600000
12/31/2017,0,330800000,UAN,340000000
12/31/2016,0,356284000,UAN,326083000
12/31/2015,0,289194000,UAN,218165000
12/31/2014,0,298665000,UAN,215862000
12/31/2017,0,5664200000,CVRR,5530200000
12/31/2016,0,4431300000,CVRR,4372900000
12/31/2015,0,5161900000,CVRR,4856100000
12/31/2014,0,8829700000,CVRR,8438200000
12/31/2017,0,184765000000,CVS,174718000000
12/31/2016,0,177526000000,CVS,166923000000
12/31/2015,0,153290000000,CVS,143595000000
12/31/2014,0,139367000000,CVS,130543000000
12/31/2017,0,286342000,CELP,278237000
12/31/2016,0,297997000,CELP,289231000
12/31/2015,0,371191000,CELP,355483000
12/31/2014,0,404418000,CELP,383021000
9/30/2017,0,14091000000,DHI,12459700000
9/30/2016,0,12157400000,DHI,10778000000
9/30/2015,0,10824000000,DHI,9638300000
9/30/2014,0,8024900000,DHI,7131000000
12/31/2017,0,7209000000,DAN,6655000000
12/31/2016,0,5826000000,DAN,5396000000
12/31/2015,0,6060000000,DAN,5616000000
12/31/2014,0,6617000000,DAN,6125000000
12/31/2017,1128800000,18329700000,DHR,15149400000
12/31/2016,975100000,16882400000,DHR,13918100000
12/31/2015,861400000,14433700000,DHR,12107000000
12/31/2014,769400000,12866900000,DHR,10702600000
12/31/2017,0,451731000,DAC,264234000
12/31/2016,0,498332000,DAC,295821000
12/31/2015,0,567936000,DAC,282479000
12/31/2014,0,552091000,DAC,289619000
12/31/2017,880.981,352852.151,DQ,220955.214
12/31/2016,4001.438,229101.211,DQ,160852.852
12/31/2015,923.664,182040.968,DQ,154093.69
12/31/2014,1486.978,182571.852,DQ,149736.896
5/27/2018,0,8080100000,DRI,7290500000
5/28/2017,0,7170200000,DRI,6501100000
5/29/2016,0,6933500000,DRI,6305500000
5/31/2015,0,6764000000,DRI,6334300000
12/30/2017,0,3662251000,DAR,3525438000
12/31/2016,0,3398115000,DAR,3248747000
1/2/2016,0,3397446000,DAR,3246503000
1/3/2015,0,3956443000,DAR,3717465000
12/31/2017,0,10883667000,DVA,9251992000
12/31/2016,0,10695790000,DVA,9013920000
12/31/2015,0,9973005000,DVA,8351092000
12/31/2014,0,12780653000,DVA,10971746000
12/31/2017,0,8502000000,DCP,8255000000
12/31/2016,0,6916000000,DCP,6759000000
12/31/2015,0,7311000000,DCP,7262000000
12/31/2014,0,3488000000,DCP,3031000000
12/31/2017,0,911420000,DDR,658598000
12/31/2016,0,1017455000,DDR,741804000
12/31/2015,0,1022782000,DDR,768620000
12/31/2014,0,994893000,DDR,763016000
12/31/2017,0,7795025000,DF,7639182000
12/31/2016,0,7710226000,DF,7421639000
12/31/2015,0,8121661000,DF,7898546000
12/31/2014,0,9503196000,DF,9471884000
3/31/2018,22372000,1903339000,DECK,1676671000
3/31/2017,21256000,1790147000,DECK,1635916000
3/31/2016,22176000,1875197000,DECK,1683035000
3/31/2015,20872000,1817057000,DECK,1602526000
10/29/2017,1351380000,29070700000,DE,26144600000
10/30/2016,1389100000,26549000000,DE,24194800000
11/1/2015,1425100000,28780800000,DE,26165700000
10/31/2014,1452000000,36049900000,DE,31003400000
11/30/2017,0,4591.487,DDF,1139.198
11/30/2016,0,4869.877,DDF,1178.657
11/30/2015,0,5442.653,DDF,1195.083
11/30/2014,0,5609.784,DDF,1202.498
12/31/2017,0,538075000,DKL,449918000
12/31/2016,0,448059000,DKL,370425000
12/31/2015,0,589669000,DKL,512303000
12/31/2014,0,841253000,DKL,762324000
12/31/2017,0,7267100000,DK,7021800000
12/31/2016,0,4197900000,DK,4281700000
12/31/2015,0,4782000000,DK,4717400000
12/31/2014,0,7019200000,DK,6660500000
2/2/2018,4317000000,78660000000,DVMT,81810000000
2/3/2017,2572000000,61642000000,DVMT,64310000000
1/29/2016,1031000000,50911000000,DVMT,51399000000
1/30/2015,915000000,54142000000,DVMT,54408000000
12/31/2017,0,4849000000,DLPH,4225000000
12/31/2016,0,4486000000,DLPH,3977000000
12/31/2015,0,4407000000,DLPH,3884000000
12/31/2014,0,4540000000,DLPH,4046000000
12/31/2017,0,41244000000,DAL,35389000000
12/31/2016,0,39639000000,DAL,33137000000
12/31/2015,0,40704000000,DAL,34203000000
12/31/2014,0,40362000000,DAL,35094000000
12/31/2017,0,1965556000,DLX,1566822000
12/31/2016,0,1849062000,DLX,1468794000
12/31/2015,0,1772817000,DLX,1409855000
12/31/2014,0,1674082000,DLX,1323262000
12/31/2017,0,1115848000,DNR,970220000
12/31/2016,0,960567000,DNR,1037245000
12/31/2015,0,1243652000,DNR,1227263000
12/31/2014,0,2417116000,DNR,1110055000
12/31/2017,71308000,523940000,DESP,452701000
12/31/2016,63251000,411162000,DESP,376075000
12/31/2015,73535000,421711000,DESP,476078000
12/31/2017,0,25926000000,DB,23952000000
12/31/2016,0,28712000000,DB,25150000000
12/31/2015,0,32348000000,DB,26961000000
12/31/2014,0,30815000000,DB,25855000000
12/31/2017,0,13755000000,DVN,12693000000
12/31/2016,0,10157000000,DVN,10869000000
12/31/2015,0,12938000000,DVN,30596000000
12/31/2014,0,17217000000,DVN,11570000000
12/31/2017,24984000,207950000,DHX,189239000
12/31/2016,25714000,226970000,DHX,196511000
12/31/2015,29863000,259769000,DHX,218596000
12/31/2014,26087000,262615000,DHX,215858000
12/31/2017,0,355052000,DHT,299670000
12/31/2016,0,356010000,DHT,230935000
12/31/2015,0,365114000,DHT,228964000
12/31/2014,0,150789000,DHT,155280000
6/30/2018,0,12163000000,DEO,8355000000
6/30/2017,0,12050000000,DEO,8474000000
6/30/2016,0,10485000000,DEO,7482000000
6/30/2015,0,10813000000,DEO,7760000000
12/31/2017,0,1451219000,DO,1224381000
12/31/2016,0,1525214000,DO,1200158000
12/31/2015,0,2360184000,DO,1786329000
12/31/2014,0,2737126000,DO,2060484000
12/31/2017,0,870005000,DRH,731064000
12/31/2016,0,896558000,DRH,739651000
12/31/2015,0,930990000,DRH,774927000
12/31/2014,0,872862000,DRH,747483000
12/31/2017,0,161897000,DSX,214489000
12/31/2016,0,114259000,DSX,208080000
12/31/2015,0,157712000,DSX,204889000
12/31/2014,0,175576000,DSX,194308000
12/31/2017,0,161897000,DSXN,214489000
12/31/2016,0,114259000,DSXN,208080000
12/31/2015,0,157712000,DSXN,204889000
12/31/2014,0,175576000,DSXN,194308000
2/3/2018,0,8590472000,DKS,8095698000
1/28/2017,0,7921981000,DKS,7384040000
1/30/2016,0,7270965000,DKS,6727873000
1/31/2015,0,6814479000,DKS,6240020000
12/31/2017,156600000,4609300000,DBD,4534900000
12/31/2016,105100000,3316300000,DBD,3202900000
12/31/2015,86300000,2419300000,DBD,2284900000
12/31/2014,83700000,2734800000,DBD,2565600000
12/31/2017,0,2483444000,DLR,1934641000
12/31/2016,0,2159317000,DLR,1638805000
12/31/2015,0,1778827000,DLR,1405701000
12/31/2014,0,1629727000,DLR,1226695000
2/3/2018,0,6422676000,DDS,6151470000
1/28/2017,0,6418009000,DDS,6091680000
1/30/2016,0,6754545000,DDS,6297464000
1/31/2015,0,6780129000,DDS,6214124000
12/31/2017,0,604819000,DIN,421461000
12/31/2016,0,633973000,DIN,411871000
12/31/2015,0,681100000,DIN,442922000
12/31/2014,0,654988000,DIN,437846000
12/31/2017,0,4485230000,DPLO,4460024000
12/31/2016,0,4410388000,DPLO,4367019000
12/31/2015,0,3366631000,DPLO,3311712000
12/31/2014,0,2214956000,DPLO,2195427000
12/31/2017,0,7318000000,DFS,3692000000
12/31/2016,0,7240000000,DFS,3486000000
12/31/2015,0,7227000000,DFS,3503000000
12/31/2014,0,7034000000,DFS,3227000000
12/31/2017,0,570016000,DHCP,1033477000
12/31/2016,0,739936000,DHCP,1195485000
12/31/2015,0,1000653000,DHCP,1221993000
12/31/2014,0,1184050000,DHCP,1239657000
9/29/2017,233312000,1081454000,DLB,819966000
9/30/2016,219607000,1025738000,DLB,792710000
9/25/2015,201324000,970638000,DLB,757090000
9/26/2014,183128000,960176000,DLB,678155000
2/2/2018,0,23470967000,DG,21455349000
2/3/2017,0,21986598000,DG,19916849000
1/29/2016,0,20368562000,DG,18422368000
1/30/2015,0,18909588000,DG,17124295000
12/31/2017,0,480200000,DM,326200000
12/31/2016,0,441300000,DM,220900000
12/31/2015,0,369600000,DM,176500000
12/31/2014,0,313300000,DM,149800000
12/31/2017,0,12586000000,D,8455000000
12/31/2016,0,11737000000,D,7768000000
12/31/2015,0,11683000000,D,8032000000
12/31/2014,0,12436000000,D,9560000000
12/31/2017,0,2787979000,DPZ,2270747000
1/1/2017,0,2472628000,DPZ,2018486000
1/3/2016,0,2216528000,DPZ,1807089000
12/28/2014,0,1993833000,DPZ,1642172000
12/31/2017,0,5157000000,UFS,4911000000
12/31/2016,0,5098000000,UFS,4811000000
12/31/2015,0,5264000000,UFS,4917000000
12/31/2014,0,5563000000,UFS,5182000000
7/31/2018,0,2734200000,DCI,2354200000
7/31/2017,54700000,2371900000,DCI,2043300000
7/31/2016,55500000,2220300000,DCI,1940400000
7/31/2015,60200000,2371200000,DCI,2074500000
12/31/2017,0,1004900000,DFIN,882500000
12/31/2016,0,983500000,DFIN,867400000
12/31/2015,0,1049500000,DFIN,872600000
12/31/2014,0,1080100000,DFIN,984800000
3/31/2018,0,159234.76,LPG,155393.375
3/31/2017,0,166547.171,LPG,152553.849
3/31/2016,0,288007.829,LPG,128467.247
3/31/2015,0,103430.224,LPG,71908.997
12/31/2017,0,474927000,PLOW,406279000
12/31/2016,0,416268000,PLOW,343430000
12/31/2015,0,400408000,PLOW,320779000
12/31/2014,0,303511000,PLOW,229479000
12/31/2017,0,817957000,DEI,571029000
12/31/2016,0,750363000,DEI,521734000
12/31/2015,0,643468000,DEI,446247000
12/31/2014,0,603235000,DEI,432454000
12/31/2017,0,7830436000,DOV,6836311000
12/31/2016,0,6794342000,DOV,6039730000
12/31/2015,0,6956311000,DOV,5980345000
12/31/2014,0,7752728000,DOV,6492436000
12/31/2017,0,176924000,DDE,176691000
12/31/2016,0,182292000,DDE,180011000
12/31/2015,0,182946000,DDE,179071000
12/31/2014,0,185382000,DDE,184081000
12/31/2017,0,46742000,DVD,39458000
12/31/2016,0,45873000,DVD,38821000
12/31/2015,0,46539000,DVD,38342000
12/31/2014,0,45674000,DVD,37579000
12/31/2017,2110000000,62484000000,DWDP,55148000000
12/31/2016,1584000000,48158000000,DWDP,42284000000
12/31/2015,1598000000,48778000000,DWDP,42698000000
12/31/2014,1647000000,58167000000,DWDP,52630000000
3/31/2018,18265000000,141855000000,RDY,129414000000
3/31/2017,19513000000,139870000000,RDY,125890000000
3/31/2016,17701000000,153866000000,RDY,123941000000
3/31/2015,17329000000,147360000000,RDY,120301000000
6/30/2018,0,2490400000,DRD,2438400000
6/30/2017,0,2339900000,DRD,2400800000
6/30/2016,0,2433100000,DRD,2367000000
6/30/2015,0,2105300000,DRD,2047500000
12/31/2017,42160000,455469000,DRQ,524605000
12/31/2016,44325000,538731000,DRQ,421572000
12/31/2015,48145000,844310000,DRQ,597775000
12/31/2014,45920000,930957000,DRQ,652209000
12/31/2017,0,292594000,DS,313725000
12/31/2016,0,298880000,DS,326273000
12/31/2015,0,295856000,DS,336583000
12/31/2014,0,291537000,DS,329113000
2/3/2018,0,2799794000,DSW,2618141000
1/28/2017,0,2711444000,DSW,2531180000
1/30/2016,0,2620248000,DSW,2405735000
1/31/2015,0,2496092000,DSW,2248512000
12/31/2017,0,12607000000,DTE,10941000000
12/31/2016,0,10630000000,DTE,9163000000
12/31/2015,0,10337000000,DTE,8977000000
12/31/2014,0,12301000000,DTE,10723000000
12/31/2017,0,12607000000,DTY,10941000000
12/31/2016,0,10630000000,DTY,9163000000
12/31/2015,0,10337000000,DTY,8977000000
12/31/2014,0,12301000000,DTY,10723000000
12/31/2017,0,558183000,DCO,534020000
12/31/2016,0,550642000,DCO,520992000
12/31/2015,0,666011000,DCO,649015000
12/31/2014,0,742045000,DCO,693678000
10/31/2017,0,119313.065,DNP,28214.629
10/31/2016,0,124945.291,DNP,26866.496
10/31/2015,0,123234.861,DNP,27282.896
10/31/2014,0,137942.309,DNP,27077.358
10/31/2017,0,15000.495,DUC,2741.622
10/31/2016,0,15363.577,DUC,2832.619
10/31/2015,0,15727.47,DUC,2889.916
10/31/2014,0,16193.507,DUC,2982.66
12/31/2017,0,23189000000,DUK,17090000000
12/31/2016,0,22381000000,DUK,16762000000
12/31/2015,0,21975000000,DUK,16821000000
12/31/2014,0,22011000000,DUK,17098000000
12/31/2017,0,1742500000,DNB,1329500000
12/31/2016,0,1703700000,DNB,1291500000
12/31/2015,0,1637100000,DNB,1251900000
12/31/2014,0,1584500000,DNB,1150900000
3/31/2018,0,24556000000,DXC,21510000000
3/31/2017,0,7607000000,DXC,7166000000
4/1/2016,0,7106000000,DXC,6911000000
4/3/2015,0,8117000000,DXC,8219000000
1/27/2018,0,2822696000,DY,2702926000
7/29/2017,0,3066880000,DY,2791871000
7/30/2016,0,2672542000,DY,2424953000
7/25/2015,0,2022312000,DY,1867994000
12/31/2017,0,138990000,DLNG,75046000
12/31/2016,0,169851000,DLNG,67772000
12/31/2015,0,145202000,DLNG,57110000
12/31/2014,0,107088000,DLNG,42425000
12/31/2017,0,49632000,DX,15739000
12/31/2016,0,57676000,DX,14577000
12/31/2015,0,34032000,DX,17488000
12/31/2014,0,71364000,DX,16007000
12/31/2017,0,269888000,ELF,236609000
12/31/2016,0,229567000,ELF,206488000
12/31/2015,0,191413000,ELF,165842000
12/31/2014,0,144944000,ELF,135070000
3/31/2018,0,1386520000,EXP,1088969000
3/31/2017,0,1211220000,EXP,931815000
3/31/2016,0,1143492000,EXP,914069000
3/31/2015,0,1066368000,EXP,839785000
12/31/2017,0,65291.679,ECC           ,19195.553
12/31/2016,0,55839.799,ECC           ,16528.87
12/31/2015,0,42346.077,ECC           ,13759.287
12/31/2014,0,22996.317,ECC           ,2398.108
12/31/2017,0,65291.679,ECCA,19195.553
12/31/2016,0,55839.799,ECCA,16528.87
12/31/2015,0,42346.077,ECCA,13759.287
12/31/2014,0,22996.317,ECCA,2398.108
12/31/2017,0,65291.679,ECCB,19195.553
12/31/2016,0,55839.799,ECCB,16528.87
12/31/2015,0,42346.077,ECCB,13759.287
12/31/2014,0,22996.317,ECCB,2398.108
12/31/2017,0,102018000,ESTE,164252000
12/31/2016,0,40071000,ESTE,72723000
12/31/2015,0,44882000,ESTE,187161000
12/31/2014,708000,45609000,ESTE,50769000
12/31/2017,0,0,DEA,106410000
12/31/2016,0,104618000,DEA,89146000
12/31/2015,0,71378000,DEA,62102000
12/31/2014,0,6324000,DEA,9936000
12/31/2017,0,274150000,EGP,178954000
12/31/2016,0,253047000,EGP,165675000
12/31/2015,0,235008000,EGP,155947000
12/31/2014,0,219829000,EGP,146047000
12/31/2017,215000000,9549000000,EMN,7897000000
12/31/2016,219000000,9008000000,EMN,7571000000
12/31/2015,242000000,9648000000,EMN,8046000000
12/31/2014,227000000,9527000000,EMN,8218000000
12/31/2017,53000000,1531000000,KODK,1427000000
12/31/2016,60000000,1643000000,KODK,1498000000
12/31/2015,61000000,1803000000,KODK,1704000000
12/31/2014,64000000,2046000000,KODK,1935000000
12/31/2017,584000000,20404000000,ETN,17901000000
12/31/2016,589000000,19747000000,ETN,17490000000
12/31/2015,625000000,20855000000,ETN,18466000000
12/31/2014,647000000,22552000000,ETN,19949000000
12/31/2017,0,16138.573,ETV,10312.177
12/31/2016,0,17296.405,ETV,9715.943
12/31/2015,0,17180.872,ETV,10259.184
12/31/2014,0,17287.707,ETV,10277.846
12/31/2017,0,27594.193,ETW,13177.484
12/31/2016,0,30227.763,ETW,12838.715
12/31/2015,0,33685.648,ETW,14214.637
12/31/2014,0,39895.282,ETW,15090.785
10/31/2017,0,1529010000,EV,1044352000
10/31/2016,0,1342860000,EV,928592000
10/31/2015,0,1403563000,EV,930116000
10/31/2014,0,1450294000,EV,930437000
9/30/2017,0,10526.386,EOI,6103.406
9/30/2016,0,11295.605,EOI,5949.133
9/30/2015,0,15520.376,EOI,6374.286
9/30/2014,0,9473.356,EOI,6270.919
12/31/2017,0,6776.304,EOS,7850.041
12/31/2016,0,8415.734,EOS,7246.791
12/31/2015,0,13879.545,EOS,7725.12
12/31/2014,0,8700.08,EOS,7542.75
10/31/2017,0,18569.425,EVG,4076.611
10/31/2016,0,18670.216,EVG,4105.786
10/31/2015,0,19972.736,EVG,4414.751
10/31/2014,0,21092.524,EVG,4818.896
8/31/2017,0,85954.917,EVT,18625.29
8/31/2016,0,76635.26,EVT,18028.89
8/31/2015,0,81155.603,EVT,18813.833
8/31/2014,0,125625.066,EVT,18079.776
10/31/2017,0,13588.416,ETO,4412.851
10/31/2016,0,17498.841,ETO,4298.193
10/31/2015,0,20012.536,ETO,4586.359
10/31/2014,0,28242.918,ETO,4850.39
10/31/2017,0,119339.124,ETG,15789.762
10/31/2016,0,117509.199,ETG,15415.664
10/31/2015,0,108447.913,ETG,16427.243
10/31/2014,0,119102.259,ETG,16375.242
12/31/2017,0,8347.229,ETB,4455.529
12/31/2016,0,8863.39,ETB,4193.496
12/31/2015,0,9268.376,ETB,4391.597
12/31/2014,0,8706.402,ETB,4520.9
10/31/2017,0,33841.613,ETY,18832.905
10/31/2016,0,36187.917,ETY,18386.691
10/31/2015,0,51271.899,ETY,19714.83
10/31/2014,0,68112.881,ETY,19687.991
12/31/2017,0,6874.593,ECT,1149.266
12/31/2016,0,4746.095,ECT,1268.968
12/31/2015,0,6193.749,ECT,1195.483
12/31/2014,0,18911.298,ECT,835.798
12/31/2017,0,0,ECR,0
12/31/2016,0,235034000,ECR,393992000
12/31/2015,0,255321000,ECR,482617000
12/31/2014,0,137816000,ECR,201084000
12/31/2017,0,13838300000,ECL,11778200000
12/31/2016,0,13152800000,ECL,11132300000
12/31/2015,0,13545100000,ECL,11488400000
12/31/2014,0,14280500000,ECL,12242400000
12/31/2017,0,55954228000000,EC,41135491000000
12/31/2016,0,48485561000000,EC,38922216000000
12/31/2015,0,52347271000000,EC,45428930000000
12/31/2014,0,65971888000000,EC,49884803000000
12/31/2017,0,12320000000,EIX,10089000000
12/31/2016,0,11869000000,EIX,9756000000
12/31/2015,0,11524000000,EIX,9511000000
12/31/2014,0,13413000000,EIX,10784000000
12/31/2017,0,331001000,EDR,274146000
12/31/2016,0,288640000,EDR,233456000
12/31/2015,0,254494000,EDR,210107000
12/31/2014,0,225083000,EDR,189120000
12/31/2017,552600000,3435300000,EW,2411600000
12/31/2016,442200000,2963700000,EW,2140200000
12/31/2015,382900000,2493700000,EW,1850800000
12/31/2014,346500000,2322900000,EW,1828100000
12/31/2017,0,2739522.188,EHIC,2286288.442
12/31/2016,0,2108944.425,EHIC,1854097.023
12/31/2015,0,1450629.752,EHIC,1375821.967
12/31/2014,0,851165.186,EHIC,869018.043
12/31/2017,0,916797000,EE,718543000
12/31/2016,0,886936000,EE,692075000
12/31/2015,0,849869000,EE,703678000
12/31/2014,0,917525000,EE,766362000
12/31/2017,0,391406000,EGO,383368000
12/31/2016,0,432727000,EGO,360276000
12/31/2015,0,479079000,EGO,1698233000
12/31/2014,0,1067899000,EGO,806123000
12/31/2017,0,673132000,ELVT,602269000
12/31/2016,0,580441000,ELVT,532637000
12/31/2015,0,434006000,ELVT,425039000
12/31/2014,0,273718000,ELVT,334841000
12/31/2017,5281800000,22871300000,LLY,17940100000
12/31/2016,5243900000,21222100000,LLY,17350800000
12/31/2015,4796400000,19958700000,LLY,16366600000
12/31/2014,4733600000,19615600000,LLY,16286900000
12/31/2017,69266000,417042000,ELLI,374904000
12/31/2016,58501000,360285000,ELLI,304668000
12/31/2015,40451000,253937000,ELLI,219517000
12/31/2014,26528000,161537000,ELLI,137723000
12/31/2017,0,60561000,EFC,29045000
12/31/2016,0,58984000,EFC,61871000
12/31/2015,0,84864000,EFC,18674000
12/31/2014,0,51378000,EFC,9837000
12/31/2017,0,31279000,EARN,5702000
12/31/2016,0,15462000,EARN,5009000
12/31/2015,0,20866000,EARN,5145000
12/31/2014,0,-1333000,EARN,5752000
12/31/2017,157564000,18713045000,ERJ,17549485000
12/31/2016,161989000,21435696000,ERJ,20206061000
12/31/2015,142303000,20301771000,ERJ,18729151000
12/31/2014,112605000,14935910000,ERJ,13556168000
12/31/2017,0,341700000,EEX,236300000
12/31/2016,0,323700000,EEX,215600000
12/31/2015,0,306400000,EEX,210500000
12/31/2014,0,273558000,EEX,198670000
12/31/2017,0,364302000,EMES,352974000
12/31/2016,0,128399000,EMES,213984000
12/31/2015,0,269518000,EMES,254609000
12/31/2014,0,341836000,EMES,249218000
12/31/2017,0,560873000,EBS,434048000
12/31/2016,0,488782000,EBS,373574000
12/31/2015,0,489331000,EBS,337990000
12/31/2014,0,404466000,EBS,315278000
9/30/2017,0,15264000000,EMR,12573000000
9/30/2016,0,14522000000,EMR,11916000000
9/30/2015,0,16249000000,EMR,13182000000
9/30/2014,0,17733000000,EMR,14270000000
12/31/2017,0,698868000,ESRT,503023000
12/31/2016,0,672300000,ESRT,487757000
12/31/2015,0,655134000,ESRT,502865000
12/31/2014,0,635326000,ESRT,494005000
12/31/2017,0,799300000,EIG,648500000
12/31/2016,0,779800000,EIG,637500000
12/31/2015,0,752100000,EIG,650000000
12/31/2014,0,773500000,EIG,663900000
12/31/2017,0,24340002000,EDN,21834951000
12/31/2016,0,13079609000,EDN,13695261000
12/31/2015,0,3802162000,EDN,1556963000
12/31/2014,0,3598376000,EDN,3850440000
12/31/2017,0,2803000000,ENBL,2273000000
12/31/2016,0,2272000000,ENBL,1879000000
12/31/2015,0,2418000000,ENBL,1997000000
12/31/2014,0,3367000000,ENBL,2773000000
12/31/2017,0,0,EEQ,0
12/31/2016,0,0,EEQ,0
12/31/2015,0,0,EEQ,0
12/31/2014,0,0,EEQ,0
12/31/2017,0,2428000000,EEP,1381000000
12/31/2016,0,2516000000,EEP,1278000000
12/31/2015,0,2303000000,EEP,1276000000
12/31/2014,0,7964700000,EEP,6847400000
12/31/2017,0,44378000000,ENB,38062000000
12/31/2016,0,34560000000,ENB,30551000000
12/31/2015,0,33794000000,ENB,31396000000
12/31/2014,0,37641000000,ENB,34441000000
12/31/2017,0,44378000000,ENBA,38062000000
12/31/2016,0,34560000000,ENBA,30551000000
12/31/2015,0,33794000000,ENBA,31396000000
12/31/2014,0,37641000000,ENBA,34441000000
12/31/2017,0,3961000000,ECA,2893000000
12/31/2016,0,3193000000,ECA,3644000000
12/31/2015,0,3830000000,ECA,3594000000
12/31/2014,0,7647000000,ECA,5280000000
12/31/2017,0,3919000000,EHC,3265000000
12/31/2016,0,3646000000,EHC,2998600000
12/31/2015,0,3115700000,EHC,2546200000
12/31/2014,0,2374300000,EHC,1890000000
6/30/2017,0,159368000,DAVA,135761000
6/30/2016,0,115432000,DAVA,95499000
6/30/2015,0,84107000,DAVA,67002000
6/30/2014,0,63913000,DAVA,53945000
12/31/2017,0,150499000,EXK,142918000
12/31/2016,0,156767000,EXK,138054000
12/31/2015,0,183556000,EXK,252070000
12/31/2014,0,196928000,EXK,288469000
12/31/2017,0,7659.288,NDRO,682.938
12/31/2016,0,9216.892,NDRO,654.132
12/31/2015,0,14478.782,NDRO,851.178
12/31/2014,0,29306.124,NDRO,646.314
12/31/2017,0,10344979000,ENIA,8032661000
12/31/2016,0,7450867000,ENIA,5523340000
12/31/2015,0,5227271859000,ENIA,3952161480000
12/31/2014,0,5031817233000,ENIA,3626757654000
12/31/2017,0,2490470178000,ENIC,1886733693000
12/31/2016,0,2535470152.8,ENIC,1908718459.2
12/31/2015,0,2389994997000,ENIC,1876971395000
12/31/2014,0,2014863898000,ENIC,1645444702000
12/31/2017,0,1599032140000,EOCC,1110812782000
12/31/2016,0,1639959815000,EOCC,1142012952000
12/31/2015,0,1539977511000,EOCC,1146004826000
12/31/2014,0,1209796735000,EOCC,945834879000
12/31/2017,0,939550000,EGN,804434000
12/31/2016,0,589517000,EGN,1042140000
12/31/2015,0,725064000,EGN,2190992000
12/31/2014,0,1268945000,EGN,1091929000
9/30/2017,22000000,1755700000,ENR,1440600000
9/30/2016,26600000,1634200000,ENR,1376700000
9/30/2015,24900000,1631600000,ENR,1340600000
9/30/2014,25300000,1840400000,ENR,1500100000
9/30/2017,67600000,2298400000,EPC,1943000000
9/30/2016,71900000,2362000000,EPC,2009600000
9/30/2015,71000000,2421200000,EPC,2104800000
9/30/2014,69500000,2612200000,EPC,2261800000
12/31/2017,0,40523000000,ETE,36771000000
12/31/2016,0,37504000000,ETE,34518000000
12/31/2015,0,42126000000,ETE,39388000000
12/31/2014,0,55691000000,ETE,52851000000
12/31/2017,0,29054000000,ETP,25737000000
12/31/2016,0,21827000000,ETP,19253000000
12/31/2015,0,34292000000,ETP,31726000000
12/31/2014,0,55475000000,ETP,52662000000
12/31/2017,0,935003000,ERF,687759000
12/31/2016,0,685315000,ERF,799744000
12/31/2015,0,833493000,ERF,924499000
12/31/2014,0,1444672000,ERF,888089000
3/31/2018,0,2581891000,ENS,2303571000
3/31/2017,0,2367149000,ENS,2077930000
3/31/2016,0,2316249000,ENS,2057239000
3/31/2015,0,2505512000,ENS,2222982000
12/31/2017,0,0,EGL,1793120000
12/31/2016,0,2076423000,EGL,1932082000
12/31/2015,0,2085623000,EGL,1937971000
12/31/2014,0,1367091000,EGL,1266171000
12/31/2017,0,66919000000,E,61744000000
12/31/2016,0,55762000000,E,54618000000
12/31/2015,0,72286000000,E,68781000000
1/1/2015,0,98218000000,E,87337000000
12/31/2017,0,5743800000,ENLK,5453200000
12/31/2016,0,4263500000,ENLK,4044600000
12/31/2015,0,4442700000,ENLK,4171000000
12/31/2014,0,3485700000,ENLK,3134800000
12/31/2017,0,5743800000,ENLC,5454900000
12/31/2016,0,4263500000,ENLC,4047100000
12/31/2015,0,4442700000,ENLC,4176100000
12/31/2014,0,3485700000,ENLC,3137600000
2/28/2018,0,370171000,EBF,322708000
2/28/2017,0,356888000,EBF,316085000
2/29/2016,0,385946000,EBF,335379000
2/28/2015,0,380379000,EBF,325969000
12/31/2017,0,769738000,ENVA,711685000
12/31/2016,0,679966000,ENVA,627392000
12/31/2015,0,599717000,ENVA,524513000
12/31/2014,0,771363000,ENVA,593414000
12/31/2017,0,1309600000,NPO,1191500000
12/31/2016,0,1187700000,NPO,1096800000
12/31/2015,0,1204400000,NPO,1111400000
12/31/2014,0,1219300000,NPO,1122100000
12/31/2017,0,1843000000,ESV,1792100000
12/31/2016,0,2776400000,ESV,1847100000
12/31/2015,0,4063400000,ESV,2560500000
12/31/2014,0,4564500000,ESV,2746700000
12/31/2017,0,592884000,ETM,507047000
12/31/2016,0,464771000,ETM,366808000
12/31/2015,0,414481000,ETM,324427000
12/31/2014,0,379789000,ETM,292550000
12/31/2017,0,11074481000,ETR,9283097000
12/31/2016,0,10845645000,ETR,8905973000
12/31/2015,0,11513251000,ETR,9867547000
12/31/2014,0,12494921000,ETR,10308280000
12/31/2017,0,1544893000,EZT,1345514000
12/31/2016,0,1615619000,EZT,1370009000
12/31/2015,0,1707203000,EZT,1500086000
12/31/2014,0,1851982000,EZT,1643267000
12/31/2017,0,29241500000,EPD,25718200000
12/31/2016,0,23022300000,EPD,19751300000
12/31/2015,0,27027900000,EPD,23698700000
12/31/2014,0,47951200000,EPD,44487500000
12/31/2017,0,536034000,EVC,244953000
12/31/2016,0,258514000,EVC,209658000
12/31/2015,0,254134000,EVC,198889000
12/31/2014,0,242038000,EVC,181637000
12/31/2017,0,683679000,ENV,663783000
12/31/2016,0,578164000,ENV,591196000
12/31/2015,0,420919000,ENV,398991000
12/31/2014,0,348748000,ENV,326498000
12/31/2017,0,7819300000,EVHC,7060900000
12/31/2016,0,3497900000,EVHC,2862400000
12/31/2015,0,2566900000,EVHC,1985100000
12/31/2014,0,1621900000,EVHC,1204100000
12/31/2017,0,540521000,EVA,486029000
12/31/2016,0,462576000,EVA,417389000
12/31/2015,0,457374000,EVA,418382000
12/31/2014,0,290136000,EVA,284397000
7/31/2017,2928000,107804000,ENZ,110870000
7/31/2016,3524000,102773000,ENZ,113020000
7/31/2015,3350000,97599000,ENZ,110263000
7/31/2014,3141000,95947000,ENZ,109227000
12/31/2017,0,11208320000,EOG,9802678000
12/31/2016,0,7544405000,EOG,8961254000
12/31/2015,0,8704302000,EOG,15381583000
12/31/2014,0,16693477000,EOG,11959244000
12/31/2017,0,1025000000,EPE,865000000
12/31/2016,0,840000000,EPE,999000000
12/31/2015,0,1241000000,EPE,889000000
12/31/2014,0,2099000000,EPE,608000000
12/31/2017,0,1450448000,EPAM,1267863000
12/31/2016,0,1160132000,EPAM,1013552000
12/31/2015,0,914128000,EPAM,789471000
12/31/2014,0,730027000,EPAM,632774000
12/31/2017,0,572168000,EPR,207982000
12/31/2016,0,482822000,EPR,167718000
12/31/2015,0,418357000,EPR,144071000
12/31/2014,0,380315000,EPR,119202000
12/31/2017,0,2987994000,EQT,1810101000
12/31/2016,0,1857339000,EQT,2068277000
12/31/2015,0,1954000000,EQT,1230992000
12/31/2014,0,2388768000,EQT,1287580000
12/31/2017,0,834096000,EQGP,256403000
12/31/2016,0,735614000,EQGP,211630000
12/31/2015,0,632936000,EQGP,183956000
12/31/2014,0,489218000,EQGP,156623000
12/31/2017,0,834096000,EQM,253388000
12/31/2016,0,735614000,EQM,208665000
12/31/2015,0,632936000,EQM,181900000
12/31/2014,0,489218000,EQM,156623000
12/31/2017,0,0,EFX,0
12/31/2016,0,3144900000,EFX,2291000000
12/31/2015,0,2663600000,EFX,1949000000
12/31/2014,0,2436400000,EFX,1798200000
12/31/2017,0,60972000000,EQNR,48947000000
12/31/2016,0,45688000000,EQNR,44913000000
12/31/2015,0,57901000000,EQNR,53229000000
12/31/2014,0,96708000000,EQNR,77850000000
12/31/2017,0,340571000,EQC,279893000
12/31/2016,0,500680000,EQC,381068000
12/31/2015,0,714891000,EQC,576406000
12/31/2014,0,861857000,EQC,723274000
12/31/2017,0,921877000,ELS,614621000
12/31/2016,0,873040000,ELS,580246000
12/31/2015,0,825743000,ELS,551457000
12/31/2014,0,781387000,ELS,525347000
12/31/2017,0,2471406000,EQR,1622242000
12/31/2016,0,2425800000,EQR,1569714000
12/31/2015,0,2744965000,EQR,1735727000
12/31/2014,0,2614748000,EQR,1693104000
12/31/2017,0,231321000,ERA,255274000
12/31/2016,0,247228000,ERA,255384000
12/31/2015,0,281837000,ERA,261630000
12/31/2014,0,331222000,ERA,294672000
3/31/2018,0,261253000,EROS,201532000
3/31/2017,0,252994000,EROS,227549000
3/31/2016,0,274428000,EROS,236783000
3/31/2015,0,284175000,EROS,205323000
9/30/2017,0,685740000,ESE,601689000
9/30/2016,0,571459000,ESE,493930000
9/30/2015,0,537291000,ESE,473866000
9/30/2014,0,531120000,ESE,465582000
12/31/2017,0,576511000,ESNT,172765000
12/31/2016,0,458258000,ESNT,145950000
12/31/2015,0,353290000,ESNT,124892000
12/31/2014,0,239467000,ESNT,103540000
12/31/2017,0,53798000,EPRT,29299000
12/31/2016,0,20697.328,EPRT,13811.997
12/31/2017,0,1395044000,ESS,917377000
12/31/2016,0,1329699000,ESS,873201000
12/31/2015,0,1216268000,ESS,859435000
12/31/2014,0,998931000,ESS,715894000
6/30/2018,0,13683000000,EL,11425000000
6/30/2017,0,11824000000,EL,9916000000
6/30/2016,0,11262000000,EL,9511000000
6/30/2015,0,10780000000,EL,9174000000
9/29/2017,109778000,2000304000,ESL,1820306000
9/30/2016,99710000,1993453000,ESL,1823531000
10/2/2015,100219.628,1935762.384,ESL,1771737.671
10/31/2014,97591000,2029471000,ESL,1773543000
6/30/2018,0,766784000,ETH,717917000
6/30/2017,0,763385000,ETH,705435000
6/30/2016,0,794202000,ETH,705023000
6/30/2015,0,754600000,ETH,688666000
12/31/2017,0,513368000,EURN,515473000
12/31/2016,0,684265000,EURN,502290000
12/31/2015,0,846507000,EURN,499835000
12/31/2014,0,473985000,EURN,468164000
12/31/2017,0,1635272000,EVR,1248428000
12/31/2016,0,1439646000,EVR,1170679000
12/31/2015,0,1223273000,EVR,1047032000
12/31/2014,0,915858000,EVR,726251000
12/31/2017,0,6637161000,RE,6171284000
12/31/2016,0,5810518000,RE,4658274000
12/31/2015,0,5596753000,RE,4528684000
12/31/2014,0,5678947000,RE,4253606000
12/31/2017,0,2571003000,EVRG,1901484000
12/31/2016,0,2562087000,EVRG,1870004000
12/31/2015,0,2459164000,EVRG,1838167000
12/31/2014,0,2601703000,EVRG,1968745000
12/31/2017,18862000,974948000,EVRI,893129000
12/31/2016,19356000,859456000,EVRI,831712000
12/31/2015,19098000,826999000,EVRI,772521000
12/31/2014,804000,593053000,EVRI,545442000
12/31/2017,0,7751952000,ES,5817798000
12/31/2016,0,7639129000,ES,5806770000
12/31/2015,0,7954827000,ES,6190663000
12/31/2014,0,7741856000,ES,6109007000
12/31/2017,0,407144000,EVTC,316061000
12/31/2016,0,389507000,EVTC,282362000
12/31/2015,0,373528000,EVTC,270168000
12/31/2014,0,361788000,EVTC,256901000
12/31/2017,0,434950000,EVH,491886000
12/31/2016,0,254188000,EVH,320437000
12/31/2015,0,96878000,EVH,135550000
12/31/2014,0,0,EVH,0
9/30/2017,19990000,1247424000,AQUA,1157380000
9/30/2016,22597000,1137196000,AQUA,1091895000
9/30/2015,25409000,1060966000,AQUA,1040196000
9/30/2014,25357000,1097468000,AQUA,1156080000
12/31/2017,0,41937000,XAN,29640000
12/31/2016,0,44915000,XAN,31525000
12/31/2015,0,29231000,XAN,33917000
12/31/2014,0,82594000,XAN,42023000
12/31/2017,0,33531000000,EXC,28786000000
12/31/2016,0,31360000000,EXC,26513000000
12/31/2015,0,29447000000,EXC,25056000000
12/31/2014,0,27429000000,EXC,24372000000
2/3/2018,0,2138030000,EXPR,2083585000
1/28/2017,0,2192547000,EXPR,2083776000
1/30/2016,0,2350129000,EXPR,2140799000
1/31/2015,0,2165481000,EXPR,2018041000
12/31/2017,0,1215294000,EXTN,1151096000
12/31/2016,0,905397000,EXTN,886777000
12/31/2015,0,1687264000,EXTN,1546162000
12/31/2014,0,2101663000,EXTN,1977135000
12/31/2017,0,1120340000,EXR,563404000
12/31/2016,0,1004770000,EXR,525926000
12/31/2015,0,794621000,EXR,418213000
12/31/2014,0,657696000,EXR,368687000
12/31/2017,0,238883000000,XOM,223584000000
12/31/2016,0,201626000000,XOM,199692000000
12/31/2015,0,241406000000,XOM,226971000000
12/31/2014,0,364763000000,XOM,330681000000
12/31/2017,0,1038091000,FNB,570171000
12/31/2016,0,752514000,FNB,435543000
12/31/2015,0,620191000,FNB,361686000
12/31/2014,0,583210000,FNB,342266000
6/29/2018,0,1371925000,FN,1274650000
6/30/2017,0,1420490000,FN,1310994000
6/24/2016,0,976747000,FN,906977000
6/26/2015,0,773587000,FN,725274000
8/31/2018,0,1350145000,FDS,983941000
8/31/2017,0,1221179000,FDS,850944000
8/31/2016,0,1127092000,FDS,767516000
8/31/2015,0,1006768000,FDS,674850000
9/30/2017,110870000,932169000,FICO,750498000
9/30/2016,103669000,881356000,FICO,711764000
9/30/2015,98824000,838781000,FICO,683034000
9/30/2014,83435000,788985000,FICO,622836000
12/31/2017,0,444296000,SFUN,402104000
12/31/2016,0,916391000,SFUN,1067837000
12/31/2015,0,883549000,SFUN,918022000
12/31/2014,0,702882000,SFUN,393349000
12/31/2017,0,0,FPI,0
12/31/2016,0,31001000,FPI,12969000
12/31/2015,0,13756000,FPI,7539000
12/31/2014,0,4218000,FPI,3661000
12/31/2017,0,295553000,FBK,198990000
12/31/2016,0,252667000,FBK,169992000
12/31/2015,0,186522000,FBK,128233000
12/31/2014,0,136894000,FBK,95215000
12/31/2017,0,735478000,FFG,588301000
12/31/2016,0,726414000,FFG,579775000
12/31/2015,0,722809000,FFG,566591000
12/31/2014,0,692939000,FFG,541131000
12/31/2017,0,321053000,FCB,128077000
12/31/2016,0,289778000,FCB,117540000
12/31/2015,0,251180000,FCB,109037000
12/31/2014,0,181961000,FCB,119749000
12/31/2017,0,171753000,AGM,40967000
12/31/2016,0,159725000,AGM,40368000
12/31/2015,0,145741000,AGM,37663000
12/31/2014,0,106666000,AGM,33560000
12/31/2017,0,856931000,FRT,525060000
12/31/2016,0,801641000,FRT,480596000
12/31/2015,0,745428000,FRT,443858000
12/31/2014,0,687333000,FRT,415053000
12/31/2017,0,898500000,FSS,822000000
12/31/2016,13400000,707900000,FSS,647100000
12/31/2015,14000000,768000000,FSS,664400000
12/31/2014,13100000,779100000,FSS,690400000
12/31/2017,0,1102924000,FII,761416000
12/31/2016,0,1143371000,FII,807368000
12/31/2015,0,926609000,FII,646748000
12/31/2014,0,859250000,FII,622890000
5/31/2018,0,65450000000,FDX,60202000000
5/31/2017,0,60319000000,FDX,55245000000
5/31/2016,0,50365000000,FDX,45465000000
5/31/2015,0,47453000000,FDX,42923000000
12/31/2017,657119000,3416890000,RACE,2646496000
12/31/2016,613635000,3105084000,RACE,2463508000
12/31/2015,561582000,2854369000,RACE,2368023000
12/31/2014,540833000,2762360000,RACE,2336493000
7/31/2017,0,1930277000,FGP,1820453000
7/31/2016,0,2039367000,FGP,1884758000
7/31/2015,0,2024390000,FGP,1893071000
7/31/2014,0,2405860000,FGP,2249960000
12/31/2017,36359000,1396742000,FOE,1231625000
12/31/2016,27327000,1145292000,FOE,1033877000
12/31/2015,25572000,1075341000,FOE,979360000
12/31/2014,25572000,1111626000,FOE,1111603000
12/31/2017,0,1980000000,FG,1896000000
12/31/2016,0,1064.432,FG,1400.699
12/31/2017,3120000000,110786000000,FCAU,103751000000
12/31/2016,3153000000,110876000000,FCAU,105483000000
12/31/2015,2643000000,110407000000,FCAU,106991400000
1/1/2015,2252000000,93640000000,FCAU,91049000000
12/31/2017,0,11739153000,FBR,9149637000
12/31/2016,0,9614817000,FBR,7919852000
12/31/2015,0,10080667000,FBR,6862950000
12/31/2014,0,7083603000,FBR,5424054000
12/31/2017,0,7668000000,FNF,6751000000
12/31/2016,0,7260000000,FNF,6238000000
12/31/2015,0,6648000000,FNF,5821000000
12/31/2014,0,8038000000,FNF,7505000000
12/31/2017,0,9123000000,FIS,7453000000
12/31/2016,0,9241000000,FIS,7662000000
12/31/2015,0,6596000000,FIS,5281000000
12/31/2014,0,6413000000,FIS,5121000000
11/30/2017,0,4291.205,FMO,7700.808
11/30/2016,0,3247.036,FMO,7364.864
11/30/2015,0,9197.229,FMO,11389.525
11/30/2014,0,2169.776,FMO,12528.626
12/31/2017,0,5772363000,FAF,5275645000
12/31/2016,0,5575846000,FAF,5057751000
12/31/2015,0,5175456000,FAF,4707983000
12/31/2014,0,4677949000,FAF,4299242000
12/31/2017,0,479566000,FBP,319807000
12/31/2016,0,481374000,FBP,320430000
12/31/2015,0,438050000,FBP,328537000
12/31/2014,0,471319000,FBP,318526000
12/31/2017,0,1779822000,FCFS,1561896000
12/31/2016,0,1088377000,FCFS,939990000
12/31/2015,0,704602000,FCFS,590312000
12/31/2014,0,712877000,FCFS,582054000
12/31/2017,0,302190000,FCF,178005000
12/31/2016,0,243999000,FCF,147477000
12/31/2015,0,233241000,FCF,147476000
12/31/2014,0,231748000,FCF,149813000
12/31/2017,0,8129000000,FDC,6282000000
12/31/2016,0,7839000000,FDC,6188000000
12/31/2015,0,7764000000,FDC,6463000000
12/31/2014,0,7548000000,FDC,6097000000
12/31/2017,0,1343394000,FHN,905200000
12/31/2016,0,1265276000,FHN,891425000
12/31/2015,0,1151670000,FHN,838322000
12/31/2014,0,1152841000,FHN,930730000
12/31/2017,0,396402000,FR,257937000
12/31/2016,0,378020000,FR,256800000
12/31/2015,0,365815000,FR,255207000
12/31/2014,0,346862000,FR,250774000
12/31/2017,0,252288000,AG,306733000
12/31/2016,0,278077000,AG,251854000
12/31/2015,0,219444000,AG,289918000
12/31/2014,0,245473000,AG,319670000
12/31/2017,0,2551743000,FRC,1563124000
12/31/2016,0,2164782000,FRC,1267984000
12/31/2015,0,1786277000,FRC,1038599000
12/31/2014,0,1592624000,FRC,868708000
5/31/2018,0,26778.785,FCT,4724.996
5/31/2017,0,28558.375,FCT,5052.825
5/31/2016,0,28976000,FCT,4733.675
5/31/2015,0,29956.43,FCT,5003.701
12/31/2017,0,15925.357,FAM,3518.213
12/31/2016,0,17277.582,FAM,3632.35
12/31/2015,0,18960.988,FAM,3802.433
12/31/2014,0,23585.505,FAM,4640.928
12/31/2017,0,13627000000,FE,11049000000
12/31/2016,0,14156000000,FE,11716000000
12/31/2015,0,14610000000,FE,12276000000
12/31/2014,0,14629000000,FE,13567000000
12/31/2017,343012000,1615519000,FIT,1780094000
12/31/2016,320191000,2169461000,FIT,2236781000
12/31/2015,150035000,1857998000,FIT,1521604000
12/31/2014,54167000,745433000,FIT,584104000
12/31/2017,0,139431000,FPH,229174000
12/31/2016,0,39368000,FPH,142517000
12/31/2015,0,35582000,FPH,39950000
12/31/2014,0,78353000,FPH,43684000
12/31/2017,0,854000000,FBC,643000000
12/31/2016,0,794000000,FBC,560000000
12/31/2015,0,776000000,FBC,534000000
12/31/2014,0,476000000,FBC,510000000
12/31/2017,0,2249538000,FLT,1365778000
12/31/2016,0,1831546000,FLT,1077393000
12/31/2015,0,1702865000,FLT,1035331000
12/31/2014,0,1199390000,FLT,663441000
12/28/2017,0,0,FND,0
12/29/2016,0,1050759000,FND,971130000
12/31/2015,0,784012000,FND,731324000
12/25/2014,0,584588000,FND,547932000
12/31/2017,13645000,317098000,FTK,319661000
12/31/2016,9320000,262832000,FTK,270154000
12/31/2015,6657000,269966000,FTK,257701000
12/31/2014,4787000,319852000,FTK,261252000
12/30/2017,0,3920733000,FLO,3616365000
12/31/2016,0,3926885000,FLO,3614648000
1/2/2016,0,3778505000,FLO,3470668000
1/3/2015,0,3748973000,FLO,3447883000
12/31/2017,0,3660831000,FLS,3374703000
12/31/2016,42800000,3990487000,FLS,3640515000
12/31/2015,45900000,4557791000,FLS,3940267000
12/31/2014,40900000,4877885000,FLS,4118014000
12/31/2017,0,19520970000,FLR,19074667000
12/31/2016,0,19036525000,FLR,18374282000
12/31/2015,0,18114048000,FLR,17187681000
12/31/2014,0,21531577000,FLR,20315255000
12/31/2017,0,351551000,FLY,166422000
12/31/2016,0,342843000,FLY,152808000
12/31/2015,0,458949000,FLY,201034000
12/31/2014,0,421324000,FLY,215076000
12/31/2017,141500000,2878600000,FMC,2368800000
12/31/2016,134500000,2538900000,FMC,2153900000
12/31/2015,135900000,2491000000,FMC,2167100000
12/31/2014,126300000,3258700000,FMC,2617400000
12/31/2017,0,460456000000,FMX,446675000000
12/31/2016,0,399507000000,FMX,363112000000
12/31/2015,0,311589000000,FMX,277231000000
12/31/2014,0,263449000000,FMX,233427000000
2/3/2018,0,0,FL,0
1/28/2017,0,7766000000,FL,6760000000
1/30/2016,0,7412000000,FL,6470000000
1/31/2015,0,7151000000,FL,6342000000
12/31/2017,0,156776000000,F,149967000000
12/31/2016,0,151800000000,F,147213000000
12/31/2015,0,149558000000,F,141507000000
12/31/2014,0,144077000000,F,143368000000
12/31/2017,0,954538000,FELP,905988000
12/31/2016,0,875832000,FELP,876714000
12/31/2015,0,984853000,FELP,894363000
12/31/2014,0,1109404000,FELP,849919000
12/31/2017,0,114322000,FOR,96977000
12/31/2016,0,197314000,FOR,163380000
12/31/2015,0,218576000,FOR,195175000
12/31/2014,0,238164000,FOR,196717000
12/31/2017,0,8301000000,FTS,5829000000
12/31/2016,0,6838000000,FTS,5223000000
12/31/2015,0,6757000000,FTS,5328000000
12/31/2014,0,5401000000,FTS,4378000000
12/31/2017,406000000,6656000000,FTV,5301100000
12/31/2016,384800000,6224300000,FTV,4956200000
12/31/2015,377700000,6178800000,FTV,4884800000
12/31/2014,387600000,6337200000,FTV,5063900000
12/31/2017,0,217659000,FTAI,210797000
12/31/2016,0,148720000,FTAI,155435000
12/31/2015,0,136568000,FTAI,136687000
12/31/2014,0,57930000,FTAI,50299000
12/31/2017,0,268111000,FSM,167049000
12/31/2016,0,210255000,FSM,163031000
12/31/2015,0,154729000,FSM,145037000
12/31/2014,0,174006000,FSM,139300000
12/31/2017,0,5283300000,FBHS,4557500000
12/31/2016,0,4984900000,FBHS,4332900000
12/31/2015,0,4579400000,FBHS,4045500000
12/31/2014,0,4013600000,FBHS,3602400000
12/31/2017,0,818600000,FET,883500000
12/31/2016,0,587635000,FET,714908000
12/31/2015,0,1073652000,FET,1075881000
12/31/2014,0,1739717000,FET,1493086000
12/31/2017,0,2060902000,FBM,2001455000
12/31/2016,0,1392509000,FBM,1369460000
12/31/2015,0,820605000,FBM,785643000
12/31/2014,0,508853000,FBM,495238000
12/31/2017,0,133209000,FCPT,52722000
12/31/2016,0,124018000,FCPT,49407000
12/31/2015,0,33456000,FCPT,22610000
12/31/2014,0,17695000,FCPT,17805000
2/28/2018,0,300533000,FEDU,238941000
2/28/2017,0,203188000,FEDU,139983000
2/29/2016,0,93801000,FEDU,87538000
12/31/2017,0,672700000,FNV,437300000
12/31/2016,0,609700000,FNV,468400000
12/31/2015,0,441000000,FNV,386600000
12/31/2014,0,442400000,FNV,285700000
8/31/2017,0,185256000,FC,190541000
8/31/2016,0,200055000,FC,183892000
8/31/2015,0,209941000,FC,188615000
8/31/2014,0,205165000,FC,181616000
12/31/2017,0,107454000,FSB,57144000
12/31/2016,0,91484000,FSB,49613000
12/31/2015,0,67241000,FSB,40973000
12/31/2014,0,45274000,FSB,31126000
9/30/2017,0,6392200000,BEN,4132100000
9/30/2016,0,6618000000,BEN,4225100000
9/30/2015,0,7948700000,BEN,4912900000
9/30/2014,0,8491400000,BEN,5270200000
12/31/2017,0,16403000000,FCX,12511000000
12/31/2016,0,14830000000,FCX,13827000000
12/31/2015,0,14607000000,FCX,14546000000
12/31/2014,0,20001000000,FCX,15556000000
12/31/2017,130704000,17783572000,FMS,15488332000
12/31/2016,162364000,18341017000,FMS,15768402000
12/31/2015,140302000,17147165000,FMS,13300627000
12/31/2014,122114000,16134260000,FMS,13904565000
12/29/2017,0,4085900000,FDP,3928000000
12/30/2016,0,4011500000,FDP,3738100000
1/1/2016,0,4056500000,FDP,3897300000
12/26/2014,0,3927500000,FDP,3737200000
12/31/2017,0,0,RESI,196267000
12/31/2016,0,56758000,RESI,192959000
12/31/2015,0,248098000,RESI,207361000
12/31/2014,0,423298000,RESI,193231000
12/31/2017,0,644578000,FRO,567968000
12/31/2016,0,752112000,FRO,512450000
12/31/2015,0,452479000,FRO,280639000
12/31/2014,0,240211000,FRO,190103000
12/31/2017,0,0,FSIC,0
12/31/2016,0,422809000,FSIC,135874000
12/31/2015,0,474797000,FSIC,128524000
12/31/2014,0,464819000,FSIC,147564000
12/31/2017,0,1807732000,FCN,1655845000
12/31/2016,0,1810394000,FCN,1651829000
12/31/2015,0,1779149000,FCN,1615838000
12/31/2014,0,1756212000,FCN,1594123000
12/31/2017,0,0,FTSI,1178600000
12/31/2016,0,532200000,FTSI,690000000
12/31/2015,0,1375300000,FTSI,1720500000
12/31/2010,0,1286599000,FTSI,886706000
12/31/2017,3659000,275026000,FF,265139000
12/31/2016,2715000,253193000,FF,216670000
12/31/2015,2741000,299611000,FF,252640000
12/31/2014,3168000,341838000,FF,285710000
12/31/2017,0,2748.576,GCV,1533.057
12/31/2016,0,2933.982,GCV,1216.893
12/31/2015,0,2293.046,GCV,1295.651
12/31/2014,0,2348.197,GCV,1425.324
12/31/2017,0,53145.634,GDV,26589.887
12/31/2016,0,53626.75,GDV,24126.023
12/31/2015,0,50649.554,GDV,20502.973
12/31/2014,0,60822.721,GDV,26129.388
12/31/2017,0,28497.885,GAB,19673.142
12/31/2016,0,33559.802,GAB,18133.459
12/31/2015,0,30542.737,GAB,17666.555
12/31/2014,0,29693.377,GAB,18342.142
12/31/2017,0,3500.623,GGT,3210.761
12/31/2016,0,4038.279,GGT,2641.853
12/31/2015,0,3738.221,GGT,2975.517
12/31/2014,0,3468.505,GGT,3190.448
12/31/2017,0,9227.049,GUT,4320.165
12/31/2016,0,8785.926,GUT,4024.519
12/31/2015,0,8849.459,GUT,3176.271
12/31/2014,0,9234.673,GUT,4027.534
12/31/2017,0,608823000,GFA,885495000
12/31/2016,0,915698000,GFA,1109716000
12/31/2015,0,1443357000,GFA,1306956000
12/31/2014,0,1580861000,GFA,1448140000
12/31/2017,0,296103000,GCAP,308326000
12/31/2016,0,403104000,GCAP,341128000
12/31/2015,0,421803000,GCAP,378305000
12/31/2014,0,361442000,GCAP,309193000
12/31/2017,0,360524000,GBL,212441000
12/31/2016,0,353000000,GBL,159953000
12/31/2015,0,380976000,GBL,233027000
12/31/2014,0,421936000,GBL,252484000
2/3/2018,0,9224600000,GME,8698200000
1/28/2017,0,8607900000,GME,7996600000
1/30/2016,0,9363800000,GME,8703600000
1/31/2015,0,9296000000,GME,8660700000
2/3/2018,0,0,GPS,14413000000
1/28/2017,0,15516000000,GPS,14069000000
1/30/2016,0,15797000000,GPS,14144000000
1/31/2015,0,16435000000,GPS,14375000000
12/31/2017,0,2375400000,GDI,2250500000
12/31/2016,0,1939400000,GDI,1782800000
12/31/2015,0,2126900000,GDI,1905100000
12/31/2014,0,2570005000,GDI,2248987000
12/31/2017,0,525229000,GLOG,307673000
12/31/2016,0,466059000,GLOG,289415000
12/31/2015,0,415078000,GLOG,260765000
12/31/2014,0,328679000,GLOG,183319000
12/31/2017,0,311469000,GLOP,146153000
12/31/2016,0,282343000,GLOP,133663000
1/1/2016,0,248501000,GLOP,123386000
1/1/2015,0,184222000,GLOP,84608000
12/30/2017,0,3041700000,GTES,2601100000
12/31/2016,0,2747000000,GTES,2433100000
1/2/2016,0,2745100000,GTES,2493100000
1/3/2015,0,3042200000,GTES,2704000000
12/31/2017,0,1369100000,GATX,1045000000
12/31/2016,0,1408300000,GATX,1034900000
12/31/2015,0,1449900000,GATX,1081500000
12/31/2014,0,1451000000,GATX,1135100000
12/31/2017,0,2863000000,GZT,1306000000
12/31/2016,0,2947000000,GZT,1330000000
12/31/2015,0,2934000000,GZT,1325000000
12/31/2014,0,3728000000,GZT,1664000000
12/31/2017,20000000,1084400000,GCP,974800000
12/31/2016,18400000,1046500000,GCP,912300000
12/31/2015,17500000,1092400000,GCP,960200000
12/31/2014,27900000,1480400000,GCP,1266700000
12/31/2017,0,209698000,GNK,225032000
12/31/2016,0,135586000,GNK,257273000
12/31/2015,0,153959000,GNK,292223000
12/31/2014,0,220861000,GNK,314230000
12/31/2017,42925000,1672445000,GNRC,1419381000
12/31/2016,37229000,1444453000,GNRC,1232936000
12/31/2015,32922000,1317299000,GNRC,1097051000
12/31/2014,31494000,1460919000,GNRC,1172421000
12/31/2017,0,22355.208,GAM,13791.052
12/31/2016,0,21473.727,GAM,13301.438
12/31/2015,0,27547.383,GAM,13819.141
12/31/2014,0,23349.033,GAM,13613.742
12/31/2017,0,30973000000,GD,26796000000
12/31/2016,0,30561000000,GD,26827000000
12/31/2015,0,31781000000,GD,27486000000
12/31/2014,0,30852000000,GD,26934000000
12/31/2017,0,121252000000,GE,123477000000
12/31/2016,0,120273000000,GE,109830000000
12/31/2015,0,115834000000,GE,106438000000
12/31/2014,0,116981000000,GE,104335000000
5/27/2018,0,15740400000,GIS,13006200000
5/28/2017,0,15619800000,GIS,12771900000
5/29/2016,0,16563100000,GIS,13716600000
5/31/2015,0,17630300000,GIS,14920300000
12/31/2017,0,145588000000,GM,134885000000
12/31/2016,0,149184000000,GM,138570000000
12/31/2015,0,135725000000,GM,127871000000
12/31/2014,0,155929000000,GM,152586000000
2/3/2018,0,2907016000,GCO,2812284000
1/28/2017,0,2868341000,GCO,2727216000
1/30/2016,0,3022234000,GCO,2863058000
1/31/2015,0,2859844000,GCO,2690288000
12/31/2017,0,2208044000,GWR,1777665000
12/31/2016,0,2001527000,GWR,1658471000
12/31/2015,0,2000401000,GWR,1603231000
12/31/2014,0,1639012000,GWR,1222541000
12/31/2017,0,2028377000,GEL,1848137000
12/31/2016,0,1712493000,GEL,1505066000
12/31/2015,0,2246529000,GEL,2074662000
12/31/2014,0,3846164000,GEL,3713613000
12/31/2017,0,5277331000,GEN           ,5170666000
12/31/2016,0,5624615000,GEN           ,5370117000
12/31/2015,0,5518703000,GEN           ,5212585000
12/31/2014,0,4690410000,GEN           ,4486429000
12/31/2017,0,264202000,GNE,258294000
12/31/2016,-269000,212112000,GNE,202624000
12/31/2015,1985000,213056000,GNE,220988000
12/31/2014,5538000,280963000,GNE,305777000
12/31/2017,0,2736929000,G,2406587000
12/31/2016,0,2570756000,G,2232216000
12/31/2015,0,2461044000,G,2127659000
12/31/2014,0,2279438000,G,1986341000
12/31/2017,0,16308801000,GPC,15240062000
12/31/2016,0,15339713000,GPC,14269941000
12/31/2015,0,15280044000,GPC,14155630000
12/31/2014,0,15341647000,GPC,14217421000
12/31/2017,0,8295000000,GNW,7282000000
12/31/2016,0,8369000000,GNW,7626000000
12/31/2015,0,8548000000,GNW,8144000000
12/31/2014,0,8729000000,GNW,8746000000
12/31/2017,0,2263420000,GEO,2015135000
12/31/2016,0,2179490000,GEO,1913906000
12/31/2015,0,1843307000,GEO,1604578000
12/31/2014,0,1691620000,GEO,1456889000
12/31/2017,0,330122000,GPRK,253905000
12/31/2016,0,192670000,GPRK,223976000
12/31/2015,0,209690000,GPRK,424138000
12/31/2014,0,428734000,GPRK,359562000
12/31/2017,0,0,GGB,0
12/31/2016,0,37651667000,GGB,36299122000
12/31/2015,0,43581241000,GGB,41776011000
12/31/2014,0,42546339000,GGB,40046382000
12/31/2017,0,120153000,GTY,58616000
12/31/2016,0,115271000,GTY,57849000
12/31/2015,0,110776000,GTY,65763000
12/31/2014,0,99893000,GTY,58114000
12/31/2017,0,2750816000,GIL,2326920000
1/1/2017,0,2585070000,GIL,2201800000
1/3/2016,0,2568638000,GIL,2189693000
10/4/2015,0,2415472000,GIL,2145303000
12/31/2017,0,1596423000,GLT,1538007000
12/31/2016,0,1610938000,GLT,1544313000
12/31/2015,0,1666748000,GLT,1580288000
12/31/2014,0,1810342000,GLT,1705161000
12/31/2017,38905000,159254000,GKOS,156215000
12/31/2016,29223000,114397000,GKOS,110156000
12/31/2015,25047000,71700000,GKOS,81996000
12/31/2014,19205000,45587000,GKOS,58758000
12/31/2017,3925000000,30186000000,GSK,23377000000
12/31/2016,3456000000,27889000000,GSK,22422000000
12/31/2015,3560000000,23923000000,GSK,21376000000
12/31/2014,3450000000,23006000000,GSK,19013000000
12/31/2017,0,0,BRSS,1463700000
12/31/2016,0,1338500000,BRSS,1239700000
12/31/2015,0,1506200000,BRSS,1418200000
12/31/2014,0,1711400000,BRSS,1623300000
3/31/2018,12718000,936768000,CO,656905000
3/31/2017,10367000,759978000,CO,511913000
3/31/2016,8964000,662999000,CO,471669000
3/31/2015,9907000,635122000,CO,400126000
12/31/2017,0,259295000,GNL,171802000
12/31/2016,0,214174000,GNL,144100000
12/31/2015,0,205332000,GNL,153470000
12/31/2014,0,93383000,GNL,136943000
12/31/2017,0,8920552000,GLP,8798983000
12/31/2016,0,8239639000,GLP,8138158000
12/31/2015,0,10314852000,GLP,10186832000
12/31/2014,0,17269954000,GLP,17100365000
12/31/2017,0,3975163000,GPN,3321695000
12/31/2016,0,3776393.772,GPN,3211449.107
5/31/2016,0,2898150000,GPN,2421906000
5/31/2015,0,2773718000,GPN,2317121000
12/31/2017,0,0,GSL,0
12/31/2016,0,166523000,GSL,94581000
12/31/2015,0,164919000,GSL,101059000
12/31/2014,0,138615000,GSL,96341000
12/31/2017,0,413439000,GLOB,375565000
12/31/2016,0,322856000,GLOB,272769000
12/31/2015,0,253796000,GLOB,230066000
12/31/2014,0,199605000,GLOB,178981000
12/31/2017,43679000,635977000,GMED,469342000
12/31/2016,40532000,563994000,GMED,400871000
12/31/2015,36312000,536653000,GMED,372347000
12/31/2014,31166000,467271000,GMED,324179000
4/30/2018,0,2511469000,GMS,2391976000
4/30/2017,0,2319146000,GMS,2213947000
4/30/2016,0,1858182000,GMS,1798259000
4/30/2015,0,1570085000,GMS,1545304000
12/31/2017,0,2453038000,GNC,2251141000
12/31/2016,0,2540016000,GNC,2245522000
12/31/2015,0,2683298000,GNC,2265938000
12/31/2014,0,2655006000,GNC,2221834000
12/31/2017,355800000,2231900000,GDDY,2138000000
12/31/2016,287800000,1847900000,GDDY,1797800000
12/31/2015,270200000,1607300000,GDDY,1635300000
12/31/2014,250800000,1387300000,GDDY,1449200000
12/31/2017,0,10576022000,GOL,9586811000
12/31/2016,0,9867335000,GOL,9402993000
12/31/2015,0,9778007000,GOL,9957843000
12/31/2014,0,10066214000,GOL,9631077000
12/31/2017,0,2761800000,GFI,2290700000
12/31/2016,0,2666400000,GFI,2304500000
12/31/2015,0,2454100000,GFI,2213900000
12/31/2014,0,2868800000,GFI,2596000000
12/31/2017,0,3423000000,GG,3897000000
12/31/2016,0,3510000000,GG,3332000000
12/31/2015,0,4375000000,GG,7109000000
12/31/2014,0,3436000000,GG,4606000000
12/31/2017,0,136781000,GSBD,35629000
12/31/2016,0,125108000,GSBD,33545000
12/31/2015,0,118436000,GSBD,32633000
12/31/2014,0,73279000,GSBD,15739000
12/31/2017,0,32073000000,GS,20753000000
12/31/2016,0,30608000000,GS,19908000000
12/31/2015,0,33820000000,GS,21032000000
12/31/2014,0,34528000000,GS,21057000000
12/31/2017,0,379389000,GRC,336030000
12/31/2016,0,382071000,GRC,344574000
12/31/2015,0,406150000,GRC,368560000
12/31/2014,0,434925000,GRC,381620000
12/31/2017,0,0,GPX,0
12/31/2016,0,490559000,GPX,458999000
12/31/2015,0,490280000,GPX,456036000
12/31/2014,0,501867000,GPX,459400000
12/29/2017,60106000,1474744000,GGG,1114297000
12/30/2016,60606000,1329293000,GGG,1023394000
12/25/2015,58559000,1286485000,GGG,984360000
12/26/2014,54246000,1221130000,GGG,912205000
12/31/2017,2951000,550771000,EAF,514392000
12/31/2016,2399000,437963000,EAF,519137000
12/31/2015,4460000,533040000,EAF,554892000
12/31/2014,7426000,825145000,EAF,829118000
3/31/2018,0,77534000,GHM,75850000
3/31/2017,0,91769000,GHM,84466000
3/31/2016,0,90039000,GHM,83349000
3/31/2015,0,135169000,GHM,111877000
12/31/2017,0,2591846000,GHC,2373130000
12/31/2016,0,2481890000,GHC,2176753000
12/31/2015,0,2586114000,GHC,2388439000
12/31/2014,0,2737032000,GHC,2487010000
12/31/2017,0,555633000,GPT,407529000
12/31/2016,0,514494000,GPT,397563000
12/31/2015,0,235798000,GPT,185365000
12/31/2014,0,109947000,GPT,99615000
12/31/2017,0,6080142000,GRAM,5816885000
12/31/2016,0,6190317000,GRAM,5993294000
12/31/2015,0,7582912000,GRAM,7317607000
12/31/2014,0,7008680000,GRAM,6486997000
12/31/2017,0,2989713000,GVA,2897591000
12/31/2016,0,2514617000,GVA,2432546000
12/31/2015,0,2371029000,GVA,2275010000
12/31/2014,0,2275270000,GVA,2228785000
12/31/2017,0,75374000,GPMT,22073000
12/31/2016,0,50002000,GPMT,14656000
12/31/2015,0,8857000,GPMT,8649000
12/31/2017,0,4403700000,GPK,4026800000
12/31/2016,0,4298100000,GPK,3860200000
12/31/2015,0,4160200000,GPK,3715800000
12/31/2014,0,4240500000,GPK,3816500000
12/31/2017,0,882728000,GTN,665702000
12/31/2016,0,812465000,GTN,570597000
12/31/2015,0,597356000,GTN,444419000
12/31/2014,0,508134000,GTN,347538000
12/31/2017,0,53595000,AJX,22179000
12/31/2016,0,46039000,AJX,16565000
12/31/2015,0,37157000,AJX,11363000
12/31/2014,0,6808.363,AJX,2731.636
9/30/2017,0,430870000,GWB,211826000
9/30/2016,0,387756000,GWB,187421000
9/30/2015,0,348346000,GWB,174302000
9/30/2014,0,359521000,GWB,175363000
12/31/2017,0,890151000,GDOT,792235000
12/31/2016,0,718774000,GDOT,657816000
12/31/2015,0,697220000,GDOT,640210000
12/31/2014,0,610484000,GDOT,545295000
8/31/2017,0,2169164000,GBX,1918472000
8/31/2016,0,2679524000,GBX,2286768000
8/31/2015,0,2605278000,GBX,2219716000
8/31/2014,0,2203962000,GBX,2007012000
12/31/2017,0,231984000,GHL,232282000
12/31/2016,0,332292000,GHL,242963000
12/31/2015,0,259082000,GHL,214084000
12/31/2014,0,273996000,GHL,206526000
12/31/2017,0,0,GHG,0
12/31/2016,0,0,GHG,0
12/31/2015,0,0,GHG,0
10/31/2017,0,3638200000,GEF,3303900000
10/31/2016,0,3323600000,GEF,3015500000
10/31/2015,0,3616700000,GEF,3350800000
10/31/2014,0,4239100000,GEF,3924800000
9/30/2017,17700000,1524997000,GFF,1446353000
9/30/2016,18000000,1477035000,GFF,1394695000
9/30/2015,15800000,1483291000,GFF,1416379000
9/30/2014,15800000,1991811000,GFF,1904350000
12/31/2017,0,11123721000,GPI,10754588000
12/31/2016,0,10887612000,GPI,10517788000
12/31/2015,0,10632505000,GPI,10263582000
12/31/2014,0,9937889000,GPI,9590073000
12/31/2017,0,683067000,GRUB,593317000
12/31/2016,0,493331000,GRUB,407437000
12/31/2015,0,361825000,GRUB,296442000
12/31/2014,0,253873000,GRUB,207250000
12/31/2017,0,0,PAC,4860862000
12/31/2016,0,9431524000,PAC,4198462000
12/31/2015,0,7268274000,PAC,3395591000
12/31/2014,0,5264278000,PAC,2530751000
12/31/2017,0,12589818000,ASR,6393889000
12/31/2016,0,9753491000,ASR,4820892000
12/31/2015,0,8994597000,ASR,4921700000
12/31/2014,0,5879163000,ASR,2718230000
12/31/2017,0,14134822000000,AVAL,8703643000000
12/31/2016,0,14193466000000,AVAL,8204442000000
12/31/2015,0,12833771000000,AVAL,7259154000000
12/31/2014,0,11044883000000,AVAL,5979468000000
12/31/2017,0,12147117000,SUPV,8733590000
12/31/2016,0,8163346000,SUPV,6114599000
12/31/2015,0,5619114000,SUPV,4398008000
12/31/2014,0,3905377000,SUPV,3193505000
12/31/2017,0,94274235000,TV,78542609000
12/31/2016,0,96287363000,TV,77959105000
12/31/2015,0,88051829000,TV,69570625000
12/31/2014,0,80118352000,TV,61399579000
12/31/2017,0,0,GSAH,1.276
12/31/2016,0,0,GSAH,455.127
12/31/2017,0,0,GTT,0
12/31/2016,0,521688000,GTT,475213000
12/31/2015,0,369250000,GTT,346793000
12/31/2014,0,207343000,GTT,198620000
12/31/2017,0,18331422.29,GSH,16938490.982
12/31/2016,0,17280503.9,GSH,15637997.582
12/31/2015,0,15725308.667,GSH,14156735.808
12/31/2014,0,14800780.876,GSH,13757704.763
2/3/2018,0,2363754000,GES,2264729000
1/28/2017,0,2190453000,GES,2131572000
1/30/2016,0,2184495000,GES,2056195000
1/31/2015,0,2417673000,GES,2266995000
12/31/2017,0,8977.651,GPM,5013.888
12/31/2016,0,4382.848,GPM,2293.223
12/31/2015,0,4366.274,GPM,2443.807
12/31/2014,0,1799.479,GPM,2425.3
7/31/2018,171657000,661067000,GWRE,663197000
7/31/2017,130323000,514284000,GWRE,485672000
7/31/2016,112496000,424446000,GWRE,407709000
7/31/2015,93440000,380537000,GWRE,364044000
12/2/2017,30072000,2306043000,FUL,2142922000
12/3/2016,28614000,2094605000,FUL,1897299000
11/28/2015,26170000,2083660000,FUL,1909657000
11/29/2014,21245000,2104454000,FUL,1954081000
3/31/2018,39228000,903923000,HAE,831970000
4/1/2017,37556000,886116000,HAE,834421000
4/2/2016,44965000,908832000,HAE,845877000
3/28/2015,54187000,910373000,HAE,867310000
12/31/2017,0,0,HK,374289000
12/31/2016,0,420205000,HK,524432000
12/31/2015,0,550278000,HK,355329000
12/31/2014,0,1148261000,HK,411479000
12/31/2017,0,20620000000,HAL,18611000000
12/31/2016,0,15887000000,HAL,15251000000
12/31/2015,0,23633000000,HAL,21313000000
12/31/2014,0,32870000000,HAL,27627000000
12/31/2017,0,740749000,HBB,697314000
12/31/2016,0,745357000,HBB,701983000
12/31/2015,0,767862000,HBB,732308000
12/30/2017,65457000,6471410000,HBI,5543168000
12/31/2016,70096000,6028199000,HBI,5126253000
1/2/2016,62324000,5731549000,HBI,4861100000
1/3/2015,63268000,5324746000,HBI,4560671000
12/31/2017,0,40101000,HASI,30470000
12/31/2016,0,35957000,HASI,27170000
12/31/2015,0,32294000,HASI,24044000
12/31/2014,0,28620000,HASI,16368000
12/31/2017,0,5647224000,HOG,4755961000
12/31/2016,0,5996458000,HOG,4929322000
12/31/2015,0,5995402000,HOG,4813107000
12/31/2014,0,6228508000,HOG,4947525000
6/30/2018,0,20359000000,HMY,23831000000
6/30/2017,0,19264000000,HMY,19293000000
6/30/2016,0,18334000000,HMY,16207000000
6/30/2015,0,15435000000,HMY,18649000000
6/29/2018,0,6182000000,HRS,5010000000
6/30/2017,0,5900000000,HRS,4769000000
7/1/2016,0,5992000000,HRS,4917000000
7/3/2015,0,3885000000,HRS,3118000000
12/31/2017,4227000,1607062000,HSC,1459391000
12/31/2016,4280000,1451223000,HSC,1374667000
12/31/2015,4510000,1723092000,HSC,1604432000
12/31/2014,5467000,2066288000,HSC,1935133000
12/31/2017,0,383906000,HHS,390261000
12/31/2016,0,404412000,HHS,419580000
12/31/2015,0,444166000,HHS,430481000
12/31/2014,0,499444000,HHS,474159000
12/31/2017,0,16937000000,HIG,15918000000
12/31/2016,0,16070000000,HIG,15331000000
12/31/2015,0,15966000000,HIG,14132000000
12/31/2014,0,18527000000,HIG,16473000000
12/31/2017,0,820027000,HVT,778051000
12/31/2016,0,821800000,HVT,777853000
12/31/2015,0,805156000,HVT,759209000
12/31/2014,0,768707000,HVT,720954000
12/31/2017,0,2555625000,HE,2217334000
12/31/2016,0,2380654000,HE,2031479000
12/31/2015,0,2602982000,HE,2263429000
12/31/2014,0,3239542000,HE,2901942000
12/31/2017,0,1634123000,HCHC,1630859000
12/31/2016,0,1558126000,HCHC,1552006000
12/31/2015,0,1120806000,HCHC,1118738000
12/31/2014,0,547438000,HCHC,561300000
12/31/2017,0,0,HCI,242482000
12/31/2016,0,262222000,HCI,206123000
12/31/2015,0,285952000,HCI,169006000
12/31/2014,0,266108000,HCI,154693000
12/31/2017,0,1848378000,HCP,1441712000
12/31/2016,0,2129294000,HCP,1412939000
12/31/2015,0,1940489000,HCP,1238858000
12/31/2014,0,1636833000,HCP,935217000
3/31/2018,0,523911430000,HDB,239272220000
3/31/2017,0,441165929000,HDB,207510707000
3/31/2016,0,373428658000,HDB,178318808000
3/31/2015,0,306569733000,HDB,145775249000
12/31/2017,0,424215000,HR,334762000
12/31/2016,0,411381000,HR,309683000
12/31/2015,0,388263000,HR,283333000
12/31/2014,0,370640000,HR,266885000
12/31/2017,0,614772000,HTA,471821000
12/31/2016,0,460928000,HTA,355928000
12/31/2015,0,403822000,HTA,307657000
12/31/2014,0,371505000,HTA,288432000
12/31/2017,3276000,577775000,HL,512397000
12/31/2016,243000,645957000,HL,516321000
12/31/2015,243000,443567000,HL,456140000
12/31/2014,243000,500781000,HL,459946000
10/31/2017,0,1524813000,HEI,1217055000
10/31/2016,0,1376258000,HEI,1104750000
10/31/2015,0,1188648000,HEI,958699000
10/31/2014,0,1132311000,HEI,942049000
12/31/2017,0,581383000,HLX,582474000
12/31/2016,0,487582000,HLX,507000000
12/31/2015,0,695802000,HLX,641845000
12/31/2014,0,1107156000,HLX,855640000
9/30/2017,12047000,1804741000,HP,1952109000
9/30/2016,10269000,1624232000,HP,1614544000
9/30/2015,16104000,3161702000,HP,2418731000
9/30/2014,15905000,3715968000,HP,2658877000
12/31/2017,0,4427700000,HLF,3810600000
12/31/2016,0,4488400000,HLF,4060000000
12/31/2015,0,4469000000,HLF,3885400000
12/31/2014,0,4958600000,HLF,4420600000
12/31/2017,0,1754500000,HRI,1652600000
12/31/2016,0,1554800000,HRI,1473900000
12/31/2015,0,1678200000,HRI,1535200000
12/31/2014,0,1770400000,HRI,1573400000
12/31/2017,0,190880000,HCXZ,47851000
12/31/2016,0,175051000,HCXZ,45649000
12/31/2015,0,157132000,HCXZ,46741000
12/31/2014,0,143665000,HCXZ,36374000
12/31/2017,0,190880000,HTGC,47851000
12/31/2016,0,175051000,HTGC,45649000
12/31/2015,0,157132000,HTGC,46741000
12/31/2014,0,143665000,HTGC,36374000
12/31/2017,0,406623000,HRTG,357088000
12/31/2016,0,438958000,HRTG,382193000
12/31/2015,0,394792000,HRTG,244502000
12/31/2014,0,233820000,HRTG,159568000
12/31/2017,0,495764000,HT,438115000
12/31/2016,0,464806000,HT,398547000
12/31/2015,0,471350000,HT,386873000
12/31/2014,0,418099000,HT,349629000
12/31/2017,0,7515426000,HSY,5962403000
12/31/2016,47268000,7440181000,HSY,6118346000
12/31/2015,49281000,7386626000,HSY,5926364000
12/31/2014,47554000,7421768000,HSY,5966047000
12/31/2017,0,8803000000,HTZ,8636000000
12/31/2016,0,8803000000,HTZ,8370000000
12/31/2015,0,9017000000,HTZ,8348000000
12/31/2014,0,9475000000,HTZ,9026000000
12/31/2017,0,5347000000,HES,6536000000
12/31/2016,0,4661000000,HES,8044000000
12/31/2015,0,6490000000,HES,8849000000
12/31/2014,0,10462000000,HES,8405000000
12/31/2017,0,565800000,HESM,279600000
12/31/2016,0,509800000,HESM,303500000
12/31/2015,0,565100000,HESM,370200000
12/31/2014,0,254800000,HESM,220000000
10/31/2017,1486000000,28871000000,HPE,26993000000
10/31/2016,1714000000,30280000000,HPE,27556000000
10/31/2015,1676000000,31077000000,HPE,28060000000
10/31/2014,2197000000,55123000000,HPE,51306000000
12/31/2017,49400000,1973300000,HXL,1622700000
12/31/2016,46900000,2004300000,HXL,1644200000
12/31/2015,44300000,1861200000,HXL,1528800000
12/31/2014,47900000,1855500000,HXL,1543700000
12/31/2017,0,609457000,HF,504150000
12/31/2016,0,504361000,HF,408630000
12/31/2015,0,493559000,HF,385833000
12/31/2014,0,421106000,HF,336320000
12/31/2017,0,602623000,HCLP,506818000
12/31/2016,0,204430000,HCLP,240421000
12/31/2015,0,339640000,HCLP,284443000
12/31/2014,0,386547000,HCLP,251913000
8/31/2017,0,5407.745,PCF,1462.337
8/31/2016,0,5917.549,PCF,1093.395
8/31/2015,0,6667.615,PCF,1264.244
8/31/2014,0,7286.922,PCF,1418.812
12/31/2017,0,252839000,HPR,269666000
12/31/2016,0,168181000,HPR,287069000
12/31/2015,0,194395000,HPR,795815000
12/31/2014,0,435058000,HPR,233332000
12/31/2017,0,710141000,HIW,504368000
12/31/2016,0,671427000,HIW,489378000
12/31/2015,0,609749000,HIW,455501000
12/31/2014,0,557498000,HIW,421779000
9/30/2017,0,1590200000,HI,1359100000
9/30/2016,0,1538400000,HI,1328900000
9/30/2015,0,1596800000,HI,1372200000
9/30/2014,0,1667200000,HI,1457900000
12/31/2017,0,1585784000,HTH,1369255000
12/31/2016,0,1643876000,HTH,1406671000
12/31/2015,0,1542221000,HTH,1324816000
12/31/2014,0,1143519000,HTH,963947000
12/31/2017,0,0,HGV,1231000000
12/31/2016,0,1457000000,HGV,1104000000
12/31/2015,0,1365000000,HGV,1044000000
12/31/2014,0,1210000000,HGV,897000000
12/31/2017,0,3467000000,HLT,2105000000
12/31/2016,0,3063000000,HLT,2128000000
12/31/2015,0,3122000000,HLT,2372000000
12/31/2014,0,3121000000,HLT,2418000000
12/30/2017,31846000,2175882000,HNI,2036425000
12/31/2016,28089000,2203489000,HNI,2019120000
1/2/2016,31103000,2304419000,HNI,2123646000
1/3/2015,29700000,2222695000,HNI,2077450000
12/31/2017,0,143531000,HMLP,54906000
12/31/2016,0,91107000,HMLP,36665000
12/31/2015,0,57465000,HMLP,21065000
12/31/2014,0,74569000,HMLP,59789000
12/31/2017,0,454362000,HEP,230906000
12/31/2016,0,402043000,HEP,206346000
12/31/2015,0,358875000,HEP,180318000
12/31/2014,0,332545000,HEP,177638000
12/31/2017,0,14251299000,HFC,13358059000
12/31/2016,0,10535700000,HFC,9968103000
12/31/2015,0,13237920000,HFC,11993567000
12/31/2014,0,19764327000,HFC,19248793000
1/28/2018,0,100904000000,HD,86223000000
1/29/2017,0,94595000000,HD,81168000000
1/31/2016,0,88519000000,HD,76745000000
2/1/2015,0,83176000000,HD,72737000000
3/31/2018,751856000000,15361146000000,HMC,14473849000000
3/31/2017,716871000000,13999200000000,HMC,13242513000000
3/31/2016,656502000000,14601151000000,HMC,14097775000000
3/31/2015,606162000000,13328099000000,HMC,12657496000000
12/31/2017,0,40534000000,HON,33383000000
12/31/2016,0,39302000000,HON,32619000000
12/31/2015,0,38581000000,HON,31753000000
12/31/2014,0,40306000000,HON,34475000000
12/31/2017,0,1171500000,HMN,1070900000
12/31/2016,0,1128910000,HMN,1002870000
12/31/2015,0,1080448000,HMN,935536000
12/31/2014,0,1060685000,HMN,900374000
12/31/2017,0,0,HZN,855380000
12/31/2016,0,649200000,HZN,617020000
12/31/2015,0,575510000,HZN,553820000
12/31/2014,0,611780000,HZN,586580000
10/29/2017,34200000,9167519000,HRL,7926460000
10/30/2016,34700000,9523224000,HRL,8237023000
10/25/2015,32000000,9263863000,HRL,8188367000
10/26/2014,29900000,9316256000,HRL,8397421000
12/31/2017,0,191412000,HOS,280035000
12/31/2016,0,224299000,HOS,288572000
12/31/2015,0,476070000,HOS,376586000
12/31/2014,0,634793000,HOS,466195000
12/31/2017,0,5417000000,HST,4681000000
12/31/2016,0,5451000000,HST,4751000000
12/31/2015,0,5383000000,HST,4720000000
12/31/2014,0,5346000000,HST,4692000000
3/31/2018,0,962771000,HLI,754131000
3/31/2017,0,870469000,HLI,690463000
3/31/2016,0,693765000,HLI,569542000
3/31/2015,0,680872000,HLI,552907000
10/31/2017,0,2451665000,HOV,2401791000
10/31/2016,0,2752247000,HOV,2675845000
10/31/2015,0,2148480000,HOV,2106135000
10/31/2014,0,2063380000,HOV,2005340000
12/31/2017,0,1100120000,HHC,932985000
12/31/2016,0,1035005000,HHC,821058000
12/31/2015,0,797088000,HHC,662024000
12/31/2014,0,634565000,HHC,486416000
10/31/2017,1190000000,52056000000,HPQ,48045000000
10/31/2016,1209000000,48238000000,HPQ,44298000000
10/31/2015,1191000000,51463000000,HPQ,47536000000
10/31/2014,1298000000,56651000000,HPQ,52219000000
12/31/2017,0,49628000000,HSBC,34188000000
12/31/2016,0,44562000000,HSBC,35791000000
12/31/2015,0,56018000000,HSBC,38831000000
12/31/2014,0,57277000000,HSBC,40313000000
12/31/2017,153827000,2048896000,HMI,1866927000
12/31/2016,132304000,1556476000,HMI,1543093000
12/31/2015,61553000,896458000,HMI,936572000
12/31/2017,0,152459443.954,HNP,140599269.792
12/31/2016,0,138150296.159,HNP,114056346.37
12/31/2015,0,128904872.501,HNP,96678542.294
12/31/2014,0,140026690.361,HNP,109635491.745
12/31/2017,0,3668800000,HUBB,3134700000
12/31/2016,0,3505200000,HUBB,2992400000
12/31/2015,0,3390400000,HUBB,2876900000
12/31/2014,0,3359400000,HUBB,2836900000
12/31/2017,70373000,375612000,HUBS,415748000
12/31/2016,45997000,270967000,HUBS,315629000
12/31/2015,32457000,181943000,HUBS,228417000
12/31/2014,25638000,115876000,HUBS,164485000
12/31/2017,0,1362553000,HBM,1033925000
12/31/2016,0,1128678000,HBM,961488000
12/31/2015,0,886051000,HBM,898507000
12/31/2014,0,507515000,HBM,515543000
12/31/2017,0,1802500000,HUD,1738500000
12/31/2016,0,1687200000,HUD,1633200000
12/31/2015,0,1403000000,HUD,1355300000
12/31/2014,0,1118700000,HUD,1063600000
12/31/2017,0,728139000,HPP,592134000
12/31/2016,0,639639000,HPP,550608000
12/31/2015,0,520850000,HPP,516798000
12/31/2014,0,253415000,HPP,209379000
12/31/2017,0,53767000000,HUM,50293000000
12/31/2016,0,54379000000,HUM,52534000000
12/31/2015,0,54289000000,HUM,51919000000
12/31/2014,0,48500000000,HUM,46138000000
12/31/2017,0,18053.369,HCFT,13346.408
12/31/2016,0,7603.181,HCFT,15593.136
12/31/2015,0,18243.197,HCFT,17792.718
12/31/2014,0,14848.513,HCFT,11534.727
12/31/2017,0,7441000000,HII,6588000000
12/31/2016,0,7068000000,HII,6216000000
12/31/2015,0,7020000000,HII,6295000000
12/31/2014,0,6957000000,HII,6266000000
12/31/2017,138000000,8358000000,HUN,7464000000
12/31/2016,137000000,7518000000,HUN,6896000000
12/31/2015,143000000,8139000000,HUN,7329000000
12/31/2014,158000000,11578000000,HUN,10744000000
12/31/2017,170160000,2184816000,HUYA,2269311000
12/31/2016,188334000,796904000,HUYA,1423049000
12/31/2017,0,2767000000,H,2458000000
12/31/2016,0,2596000000,H,2297000000
12/31/2015,0,2542000000,H,2219000000
12/31/2014,0,2708000000,H,2407000000
12/31/2017,0,2885200000,HY,2809200000
12/31/2016,0,2569700000,HY,2526000000
12/31/2015,0,2578100000,HY,2475500000
12/31/2014,0,2767200000,HY,2636200000
12/31/2017,0,1094900000,IAG,512600000
12/31/2016,0,987100000,IAG,949300000
12/31/2015,0,917000000,IAG,1665100000
12/31/2014,0,1007900000,IAG,1037800000
3/31/2018,0,667340939000,IBN,557556292000
3/31/2017,0,619793200000,IBN,481699705000
3/31/2016,0,517164531000,IBN,407895615000
3/31/2015,0,533566304000,IBN,350227119000
12/31/2017,0,1349486000,IDA,1045135000
12/31/2016,0,1262020000,IDA,990244000
12/31/2015,0,1270289000,IDA,988192000
12/31/2014,0,1282524000,IDA,1028828000
12/31/2017,0,2287312000,IEX,1784274000
12/31/2016,0,2113043000,IEX,1659979000
12/31/2015,0,2020668000,IEX,1584509000
12/31/2014,0,2147767000,IEX,1699871000
7/31/2017,0,1501729000,IDT,1485705000
7/31/2016,0,1496261000,IDT,1471784000
7/31/2015,1656000,1596777000,IDT,1570676000
7/31/2014,10018000,1651541000,IDT,1622843000
12/31/2017,0,14314000000,ITW,10915000000
12/31/2016,0,13599000000,ITW,10535000000
12/31/2015,0,13405000000,ITW,10536000000
12/31/2014,0,14484000000,ITW,11593000000
12/31/2017,20855000,380767000,IMAX,332442000
12/31/2016,16315000,376059000,IMAX,316874000
12/31/2015,12730000,373664000,IMAX,283963000
12/31/2014,16096000,290541000,IMAX,229151000
12/31/2017,0,90007000,ICD,106790000
12/31/2016,0,70062000,ICD,81729000
12/31/2015,0,88418000,ICD,87721000
12/31/2014,0,70347000,ICD,71057000
12/31/2017,0,320494000,IHC,292158000
12/31/2016,0,310446000,IHC,277405000
12/31/2015,0,513628000,IHC,484819000
12/31/2014,0,530348000,IHC,507422000
12/31/2017,0,161216000,IRT,114449000
12/31/2016,0,153388000,IRT,113683000
12/31/2015,0,109576000,IRT,85839000
12/31/2014,0,49171000,IRT,38788000
12/31/2017,0,10334.364,IFN,10520.639
12/31/2016,0,10203.428,IFN,10255.235
12/31/2015,0,11863.011,IFN,11427.022
12/31/2014,0,14773.567,IFN,12280.317
12/31/2017,0,58050025000,IBA,52788837000
12/31/2016,0,52020303000,IBA,47379972000
12/31/2015,0,46229049000,IBA,41085243000
12/31/2014,0,41779087000,IBA,36284389000
3/31/2018,0,10939000000,INFY,8278000000
3/31/2017,0,10208000000,INFY,7688000000
3/31/2016,0,9501000000,INFY,7099000000
3/31/2015,0,8711000000,INFY,6408000000
12/31/2017,0,0,HIFR,0
12/31/2016,0,172099000,HIFR,68556000
12/31/2015,0,151203000,HIFR,59587000
12/31/2014,0,134415000,HIFR,51976000
12/31/2017,0,16973000000,ING,9695000000
12/31/2016,0,16513000000,ING,9318000000
12/31/2015,0,15591000000,ING,9134000000
12/31/2014,0,13611000000,ING,9411000000
12/31/2017,0,16973000000,ISF,9695000000
12/31/2016,0,16513000000,ISF,9318000000
12/31/2015,0,15591000000,ISF,9134000000
12/31/2014,0,13611000000,ISF,9411000000
12/31/2017,0,16973000000,ISG,9695000000
12/31/2016,0,16513000000,ISG,9318000000
12/31/2015,0,15591000000,ISG,9134000000
12/31/2014,0,13611000000,ISG,9411000000
12/31/2017,0,14197600000,IR,12470600000
12/31/2016,0,13508900000,IR,11870200000
12/31/2015,0,13300700000,IR,11774900000
12/31/2014,0,12891400000,IR,11474200000
12/31/2017,19800000,972400000,NGVT,769600000
12/31/2016,17600000,908300000,NGVT,747900000
12/31/2015,17400000,958300000,NGVT,793000000
12/31/2014,17400000,1035500000,NGVT,824700000
12/31/2017,0,5832000000,INGR,4952000000
12/31/2016,0,5704000000,INGR,4877000000
12/31/2015,0,5621000000,INGR,4922000000
12/31/2014,0,5668000000,INGR,5067000000
12/31/2017,0,6420000,IIPR,6530000
12/31/2016,0,457.714,IIPR,1724.572
12/31/2015,0,5628.169,IIPR,641.429
12/31/2017,163699000,348201000,IPHI,362986000
12/31/2016,108013000,266277000,IPHI,239591000
12/31/2015,86024000,192710000,IPHI,200502000
12/31/2014,56508000,96145000,IPHI,130950000
12/31/2017,0,3300223000,NSP,3170282000
12/31/2016,0,2941347000,NSP,2835041000
12/31/2015,0,2603614000,NSP,2526815000
12/31/2014,0,2357788000,NSP,2306614000
12/31/2017,6194000,28567000,INSP,44570000
12/31/2016,7091000,16427000,INSP,33680000
12/31/2015,7079000,8012000,INSP,27810000
12/31/2017,0,1132927000,IBP,1058661000
12/31/2016,0,862980000,IBP,794630000
12/31/2015,0,662719000,IBP,616667000
12/31/2014,0,518020000,IBP,492434000
12/31/2017,48549000,158806000,INST,209582000
12/31/2016,36030000,110880000,INST,164255000
12/31/2015,24151000,73193000,INST,125165000
12/31/2014,20637000,44352000,INST,83061000
12/29/2017,55247000,1461921000,ITGR,1280871000
12/30/2016,55001000,1386778000,ITGR,1214706000
1/1/2016,52995000,800414000,ITGR,693490000
1/2/2015,49845000,687787000,ITGR,594367000
12/31/2017,0,2148612000,I,1234055000
12/31/2016,0,2188047000,I,1267435000
12/31/2015,0,2352521000,I,1215642000
12/31/2014,0,2472386000,I,1225106000
12/31/2017,0,4629000000,ICE,2179000000
12/31/2016,0,4499000000,ICE,2209000000
12/31/2015,0,3338000000,ICE,1497000000
12/31/2014,0,3092000000,ICE,1511000000
12/31/2017,0,1784000000,IHG,1038000000
12/31/2016,0,1715000000,IHG,1013000000
12/31/2015,0,1803000000,IHG,1120000000
12/31/2014,0,1858000000,IHG,1203000000
12/31/2017,5787000000,79139000000,IBM,67241000000
12/31/2016,5751000000,79919000000,IBM,65748000000
12/31/2015,5247000000,81741000000,IBM,65224000000
12/31/2014,5437000000,92793000000,IBM,72664000000
12/31/2017,286026000,3398719000,IFF,2770820000
12/31/2016,254263000,3116350000,IFF,2544911000
12/31/2015,246101000,3023189000,IFF,2411129000
12/31/2014,253640000,3088533000,IFF,2487273000
12/31/2017,313088000,4938959000,IGT,4263895000
12/31/2016,343531000,5153896000,IGT,4425192000
12/31/2015,277401000,4689056000,IGT,4010311000
12/31/2014,108175000,3812311000,IGT,3035673000
12/31/2017,0,21743000000,IP,19885000000
12/31/2016,0,19495000000,IP,18009000000
12/31/2015,0,20675000000,IP,18425000000
12/31/2014,0,23617000000,IP,21154000000
12/31/2017,0,290101000,INSW,301630000
12/31/2016,0,398319000,INSW,304132000
12/31/2015,0,497634000,INSW,325740000
12/31/2014,0,517018000,INSW,502286000
12/31/2017,0,7882400000,IPG,6908800000
12/31/2016,0,7846600000,IPG,6905600000
12/31/2015,0,7613800000,IPG,6739000000
12/31/2014,0,7537100000,IPG,6748700000
12/31/2017,0,489302000,INXN,386425000
12/31/2016,0,421788000,INXN,328542000
12/31/2015,0,386560000,INXN,302011000
12/31/2014,0,340624000,INXN,261914000
12/31/2017,0,118898000,IPI,133036000
12/31/2016,0,163686000,IPI,215165000
12/31/2015,0,244521000,IPI,277610000
12/31/2014,0,354104000,IPI,336497000
12/31/2017,0,0,XON,353672000
12/31/2016,0,190926000,XON,311848000
12/31/2015,0,173605000,XON,318146000
12/31/2014,0,71930000,XON,140758000
12/31/2017,0,966497000,IVC,993984000
12/31/2016,0,1047474000,IVC,1067823000
12/31/2015,0,1142338000,IVC,1144075000
12/31/2014,0,1270163000,IVC,1303382000
12/31/2017,0,404617000,IVR,44746000
12/31/2016,0,299504000,IVR,44106000
12/31/2015,0,168675000,IVR,54620000
12/31/2014,0,-164674000,IVR,52866000
2/28/2018,0,24471.94,OIA,2980.882
2/28/2017,0,22984.787,OIA,2779.875
2/29/2016,0,23043.84,OIA,2643.361
2/28/2015,0,22045.534,OIA,2432.908
12/31/2017,0,5160300000,IVZ,3801100000
12/31/2016,0,4734400000,IVZ,3525100000
12/31/2015,0,5122900000,IVZ,3756200000
12/31/2014,0,5147100000,IVZ,3829400000
12/31/2017,0,481669000,ITG,475144000
12/31/2016,0,464376000,ITG,500455000
12/31/2015,0,525275000,ITG,511748000
12/31/2014,0,557492000,ITG,492505000
4/30/2018,0,169745000,IRET,144633000
4/30/2017,0,160104000,IRET,132772000
4/30/2016,0,145500000,IRET,115463000
4/30/2015,0,179321000,IRET,129754000
12/31/2017,46469000,68221000,NVTA,185836000
12/31/2016,44630000,25048000,NVTA,124231000
12/31/2015,42806000,8378000,NVTA,97855000
12/31/2014,22063000,1604000,NVTA,48956000
12/31/2017,0,1054456000,INVH,862436000
12/31/2016,0,922587000,INVH,714624000
12/31/2015,0,836049000,INVH,717088000
12/31/2014,0,658722000,INVH,687149000
12/31/2017,16431000,197554000,IO,206253000
12/31/2016,17833000,172808000,IO,214902000
12/31/2015,26445000,221513000,IO,318164000
12/31/2014,40437000,509558000,IO,485545000
12/31/2017,0,8060000000,IQV,7238000000
12/31/2016,0,5364000000,IQV,4536000000
12/31/2015,0,4326000000,IQV,3648000000
12/31/2014,0,4165000000,IQV,3566000000
12/31/2017,0,3845578000,IRM,3107258000
12/31/2016,0,3511453000,IRM,2870484000
12/31/2015,0,3007976000,IRM,2423268000
12/31/2014,0,3117693000,IRM,2563876000
6/30/2018,0,32367000000,IRS,28300000000
6/30/2017,0,27113000000,IRS,23449000000
6/30/2016,0,12781000000,IRS,10665000000
6/30/2015,0,3179000000,IRS,1992000000
12/31/2017,55000000,5418000000,ICL,4834000000
12/31/2016,73000000,5363000000,ICL,4879000000
12/31/2015,74000000,5405000000,ICL,4737000000
12/31/2014,87000000,6111000000,ICL,5168000000
12/31/2017,0,692217000,STAR          ,470620000
12/31/2016,0,521175000,STAR          ,326271000
12/31/2015,0,541207000,STAR          ,397223000
12/31/2014,0,491433000,STAR          ,331073000
12/31/2017,0,739981000000,ITCB,729435000000
12/31/2016,0,626719000000,ITCB,607253000000
12/31/2015,0,300869000000,ITCB,177764000000
12/31/2014,0,257384000000,ITCB,164216000000
12/31/2017,0,92810000000,ITUB,55593000000
12/31/2016,0,96539000000,ITUB,52909000000
12/31/2015,0,70676000000,ITUB,47416000000
12/31/2014,0,75856000000,ITUB,43555000000
12/31/2017,93700000,2585300000,ITT,2273700000
12/31/2016,80800000,2405400000,ITT,2129000000
12/31/2015,78900000,2485600000,ITT,2172900000
12/31/2014,76600000,2654600000,ITT,2356200000
12/31/2017,0,93689000000,JPM,58469000000
12/31/2016,0,90307000000,JPM,56088000000
12/31/2015,0,89202000000,JPM,56044000000
12/31/2014,0,91973000000,JPM,58391000000
12/31/2017,0,233255000,JAX,222455000
1/1/2017,0,219582000,JAX,209173000
1/3/2016,0,217914000,JAX,202077000
12/28/2014,0,202233000,JAX,189179000
2/3/2018,0,698145000,JILL,626794000
1/28/2017,0,639056000,JILL,579642000
1/30/2016,0,562015000,JILL,515485000
1/31/2015,0,483400000,JILL,444349000
2/3/2018,0,0,JCP,12224000000
1/28/2017,0,12547000000,JCP,12232000000
1/30/2016,0,12625000000,JCP,12619000000
1/31/2015,0,12257000000,JCP,12564000000
4/30/2018,0,7357100000,SJM,6094800000
4/30/2017,0,7392300000,SJM,6145000000
4/30/2016,0,7811200000,SJM,6517800000
4/30/2015,0,5692700000,SJM,4856700000
8/31/2018,38531000,22095416000,JBL,21516361000
8/31/2017,29680000,19063121000,JBL,18490384000
8/31/2016,31954000,18353086000,JBL,17818884000
8/31/2015,27645000,17899196000,JBL,17310719000
9/29/2017,0,10022788000,JEC,9506639000
9/30/2016,0,10964157000,JEC,10437929000
10/2/2015,0,12114832000,JEC,11515022000
9/26/2014,0,12695157000,JEC,12073759000
12/31/2017,0,267312000,JAG,636600000
12/31/2016,0,76522000,JAG,82453000
12/31/2015,0,33851000,JAG,40838000
12/31/2014,0,16280000,JAG,14959000
3/31/2018,33300000,2054500000,JHX,1658200000
3/31/2017,30300000,1921600000,JHX,1568300000
3/31/2016,29500000,1728200000,JHX,1376200000
3/31/2015,31700000,1656900000,JHX,1351600000
12/31/2017,0,1743700000,JHG,1301400000
12/31/2016,0,741000000,JHG,579700000
12/31/2015,0,780200000,JHG,592400000
12/31/2014,0,666200000,JHG,516200000
12/31/2017,0,538870000,JBGS,467449000
12/31/2016,0,477572000,JBGS,359250000
12/31/2015,0,466324000,JBGS,368010000
12/31/2014,0,471644000,JBGS,334304000
12/31/2017,0,11436393000,JEF,11347125000
12/31/2016,0,10875254000,JEF,10488792000
12/31/2015,0,11683927000,JEF,11163819000
12/31/2014,0,12334907000,JEF,10903361000
12/31/2017,0,3763934000,JELD,3499010000
12/31/2016,0,3666799000,JELD,3456567000
12/31/2015,0,3381060000,JELD,3225426000
12/31/2014,0,3507206000,JELD,3403341000
12/31/2017,0,0,JCAP,0
12/31/2016,0,5973000,JCAP,9630000
12/31/2015,0,1743000,JCAP,5429000
12/31/2017,0,0,JT,0
12/31/2016,72832000,356387000,JT,538703000
12/31/2015,45358000,168373000,JT,364559000
12/31/2017,294102.79,26472943.454,JKS,26147681.225
12/31/2016,181106.128,21400638.092,JKS,19926010.921
12/31/2015,143670.521,15454374.366,JKS,14332569.117
12/31/2014,106627.106,9740876.507,JKS,8890605.221
12/31/2017,0,116493000,JMP,122013000
12/31/2016,0,134977000,JMP,132163000
12/31/2015,0,141244000,JMP,134232000
12/31/2014,0,182506000,JMP,152508000
7/31/2017,0,43409.833,HPF,5747.901
7/31/2016,0,42140.184,HPF,5727.133
7/31/2015,0,42548.981,HPF,5659.311
7/31/2014,0,42499.507,HPF,5480.595
7/31/2017,0,53475.266,HPI,7068.231
7/31/2016,0,51688.825,HPI,6976.482
7/31/2015,0,52236.205,HPI,6887.326
7/31/2014,0,52746.299,HPI,6671.438
7/31/2017,0,57359.475,HPS,7468.713
7/31/2016,0,55137.429,HPS,7404.347
7/31/2015,0,55594.126,HPS,7329.423
7/31/2014,0,55931.053,HPS,7103.152
10/31/2017,0,70927.893,PDT,11061.221
10/31/2016,0,62107.723,PDT,10744.651
10/31/2015,0,61561.903,PDT,10543.945
10/31/2014,0,61810.451,PDT,10294.941
12/31/2017,10554000000,76450000000,JNJ,56740000000
1/1/2017,9095000000,71890000000,JNJ,50680000000
1/3/2016,9046000000,70074000000,JNJ,51704000000
12/28/2014,8494000000,74331000000,JNJ,53194000000
9/30/2017,360000000,30172000000,JCI,26789000000
9/30/2016,158000000,20837000000,JCI,19257000000
9/30/2015,134000000,17100000000,JCI,15751000000
9/30/2014,792000000,38749000000,JCI,36667000000
12/31/2017,0,188573000,JONE,272316000
12/31/2016,0,127847000,JONE,281877000
12/31/2015,0,197399000,JONE,140928000
12/31/2014,0,364141000,JONE,65874000
12/31/2017,0,7932400000,JLL,7364800000
12/31/2016,0,6803800000,JLL,6294700000
12/31/2015,0,5965700000,JLL,5401800000
12/31/2014,0,5429600000,JLL,4921500000
12/31/2017,200342000,5816832000,JMEI,5855057000
12/31/2016,216310000,6277183000,JMEI,6144928000
12/31/2015,169694000,7342959000,JMEI,7191549000
12/31/2014,135698000,3887531000,JMEI,3522733000
12/31/2017,980700000,5027200000,JNPR,4098400000
12/31/2016,1013700000,4990100000,JNPR,4085300000
12/31/2015,994500000,4857800000,JNPR,3944300000
12/31/2014,1006200000,4627100000,JNPR,3987800000
12/31/2017,0,1706161.622,JP,1182593.788
12/31/2016,0,1127710.444,JP,832905.436
12/31/2015,0,595009.277,JP,391128.371
12/31/2014,0,237676.749,JP,128702.047
3/31/2018,0,3626570000,JE,3508880000
3/31/2017,0,3757054000,JE,3540461000
3/31/2016,0,4105860000,JE,3925799000
3/31/2015,0,3895940000,JE,3789926000
6/30/2018,9248000,917734000,LRN,889789000
6/30/2017,12457000,888519000,LRN,868790000
6/30/2016,10071000,872700000,LRN,849986000
6/30/2015,14381000,948294000,LRN,916772.988
12/30/2017,9563000,515033000,KAI,448940000
12/31/2016,7380000,414126000,KAI,366338000
1/2/2016,6677000,390107000,KAI,339473000
1/3/2015,6163000,402127000,KAI,356810000
12/31/2017,0,0,KDMN,0
12/31/2016,35840000,26055000,KDMN,142990000
12/31/2015,33558000,35719000,KDMN,133953000
12/31/2014,32947000,95018000,KDMN,133307000
12/31/2017,0,1805909000,KAMN,1689329000
12/31/2016,7700000,1808376000,KAMN,1681151000
12/31/2015,6700000,1775125000,KAMN,1658721000
12/31/2014,6700000,1794962000,KAMN,1684222000
12/31/2017,0,2582900000,KSU,1661300000
12/31/2016,0,2334200000,KSU,1515700000
12/31/2015,0,2418800000,KSU,1605400000
12/31/2014,0,2577100000,KSU,1729700000
12/31/2017,0,3315660000,KS,3100141000
12/31/2016,0,3077257000,KS,2897511000
12/31/2015,0,2789345000,KS,2568478000
12/31/2014,0,2300920000,KS,2000989000
12/31/2017,0,3458000000,KAR,2892000000
12/31/2016,0,3150100000,KAR,2651100000
12/31/2015,0,2690600000,KAR,2263300000
12/31/2014,0,2417000000,KAR,2039300000
11/30/2017,0,20850000,KYN,55838000
11/30/2016,0,11410000,KYN,53809000
11/30/2015,0,72546000,KYN,85232000
11/30/2014,0,49228000,KYN,100048000
12/31/2017,0,9628912000000,KB,5467866000000
12/31/2016,0,6904493000000,KB,4325276000000
12/31/2015,0,6344104000000,KB,4523584000000
12/31/2014,0,5968011000000,KB,4009694000000
11/30/2017,0,4368529000,KBH,4058726000
11/30/2016,0,3594646000,KBH,3384967000
11/30/2015,0,3032030000,KBH,2872194000
11/30/2014,0,2400949000,KBH,2237003000
12/31/2017,0,4171000000,KBR,3976000000
12/31/2016,0,4268000000,KBR,4353000000
12/31/2015,0,5096000000,KBR,4926000000
12/31/2014,0,6366000000,KBR,6670000000
12/31/2017,0,1542081000,FRAC,1509038000
12/31/2016,0,420570000,FRAC,523378000
12/31/2015,0,366157000,FRAC,397624000
12/31/2014,0,395834000,FRAC,408531000
12/30/2017,0,12923000000,K,10492000000
12/31/2016,0,13014000000,K,11254000000
1/2/2016,0,13525000000,K,12029000000
1/3/2015,0,14580000000,K,13218000000
3/31/2018,39619000,1199926000,KEM,1065136000
3/31/2017,27398000,757791000,KEM,703280000
3/31/2016,24613000,734823000,KEM,693024000
3/31/2015,25802000,823192000,KEM,787129000
12/31/2017,0,2723400000,KMPR,2481700000
12/31/2016,0,2521900000,KMPR,2428100000
12/31/2015,0,2340800000,KMPR,2112700000
12/31/2014,0,2196600000,KMPR,1890100000
6/30/2018,0,2367853000,KMT,2044381000
6/30/2017,0,2058368000,KMT,1869206000
6/30/2016,0,2098436000,KMT,1974606000
6/30/2015,0,2647195000,KMT,2405283000
12/31/2017,0,879600000,KW,770800000
12/31/2016,0,714400000,KW,691900000
12/31/2015,0,619600000,KW,572700000
12/31/2014,0,426200000,KW,403100000
12/31/2017,0,365704000,KEN,352171000
12/31/2016,0,324253000,KEN,322930000
12/31/2015,0,325899000,KEN,317037000
12/31/2014,0,1372230000,KEN,1212809000
9/30/2017,0,4269254000,KDP,3324564000
9/24/2016,0,4318592000,KDP,3482157000
9/26/2015,0,4520031000,KDP,3739357000
9/27/2014,0,4707680000,KDP,3757309000
12/31/2017,0,436165000,KEG,532158000
12/31/2016,0,417253000,KEG,658256000
12/31/2015,0,792326000,KEG,1097539000
12/31/2014,0,1427336000,KEG,1510035000
12/31/2017,0,6026000000,KEY,3710000000
12/31/2016,0,4727000000,KEY,3181000000
12/31/2015,0,4062000000,KEY,2743000000
12/31/2014,0,4033000000,KEY,2663000000
10/31/2017,492000000,3189000000,KEYS,2873000000
10/31/2016,425000000,2918000000,KEYS,2480000000
10/31/2015,385000000,2856000000,KEYS,2375000000
10/31/2014,362000000,2933000000,KEYS,2389000000
12/31/2017,0,719001000,KRC,512493000
12/31/2016,0,637572000,KRC,448742000
12/31/2015,0,581275000,KRC,412898000
12/31/2014,0,514925000,KRC,392092000
12/31/2017,0,30983.402,KRP,28933.774
12/31/2016,0,3606.659,KRP,4381.692
12/31/2015,0,4684.923,KRP,6972.763
12/31/2014,0,7219.822,KRP,6897.233
12/31/2017,0,18259000000,KMB,14973000000
12/31/2016,0,18202000000,KMB,14831000000
12/31/2015,0,18591000000,KMB,15198000000
12/31/2014,0,19724000000,KMB,16422000000
12/31/2017,0,1200834000,KIM,774524000
12/31/2016,0,1170792000,KIM,775003000
12/31/2015,0,1166769000,KIM,773014000
12/31/2014,0,997026000,KIM,637474000
12/31/2017,0,13705000000,KMI,10131000000
12/31/2016,0,13058000000,KMI,9107000000
12/31/2015,0,14403000000,KMI,10200000000
12/31/2014,0,16226000000,KMI,11747000000
12/31/2017,0,192494000,KFS,211208000
12/31/2016,0,176630000,KFS,184134000
12/31/2015,0,153966000,KFS,162633000
12/31/2014,0,158224000,KFS,156578000
12/31/2017,0,3303000000,KGC,3235100000
12/31/2016,0,3472000000,KGC,3391600000
12/31/2015,0,3052200000,KGC,3587400000
12/31/2014,0,3466300000,KGC,4157400000
12/31/2017,0,2214418000,KEX,2009972000
12/31/2016,0,1770673000,KEX,1520123000
12/31/2015,0,2147532000,KEX,1766729000
12/31/2014,0,2566318000,KEX,2089072000
12/31/2017,0,747495000,KL,541212000
12/31/2016,0,403340000,KL,294005000
12/31/2015,0,173694000,KL,142507.5
4/30/2015,0,191219000,KL,159056000
12/31/2017,0,358819000,KRG,280863000
12/31/2016,0,354122000,KRG,283228000
12/31/2015,0,347005000,KRG,276898000
12/31/2014,0,259528000,KRG,202691000
12/31/2017,0,5121060000,KKR,2336692000
12/31/2016,0,2670699000,KKR,1735883000
12/31/2015,0,7212893000,KKR,1817299000
12/31/2014,0,7654756000,KKR,1963304000
12/31/2017,0,79609000,KREF,18428000
12/31/2016,0,41195000,KREF,8569000
12/31/2015,0,22310000,KREF,4745000
12/31/2014,0,700000,KREF,2900000
7/31/2017,0,333442000,KMG,290495000
7/31/2016,0,297978000,KMG,266895000
7/31/2015,0,320498000,KMG,296475000
7/31/2014,0,353406000,KMG,337299000
12/31/2017,0,2425453000,KNX,2193802000
12/31/2016,0,1118034000,KNX,977679000
12/31/2015,0,1182964000,KNX,1020310000
12/31/2014,0,1102332000,KNX,956021000
12/31/2017,0,1132892000,KNL,1023805000
12/31/2016,21700000,1164292000,KNL,1027984000
12/31/2015,20700000,1104442000,KNL,991786000
12/31/2014,19200000,1050294000,KNL,964700000
12/31/2017,0,214027000,KNOP,123647000
12/31/2016,0,173671000,KNOP,91404000
12/31/2015,0,155024000,KNOP,80577000
12/31/2014,0,112841000,KNOP,62424000
12/31/2017,93400000,744200000,KN,665500000
12/31/2016,92000000,755700000,KN,696900000
12/31/2015,83200000,753600000,KN,680700000
12/31/2014,64100000,915000000,KN,759500000
2/3/2018,0,0,KSS,17657000000
1/28/2017,0,18686000000,KSS,17317000000
1/30/2016,0,19204000000,KSS,17651000000
1/31/2015,0,19023000000,KSS,17334000000
12/31/2017,1692000000,17780000000,PHG,16050000000
12/31/2016,1648000000,17422000000,PHG,15734000000
12/31/2015,1562000000,16806000000,PHG,16260000000
12/31/2014,1635000000,21391000000,PHG,20712000000
12/31/2017,0,1475500000,KOP,1337200000
12/31/2016,0,1416200000,KOP,1311800000
12/31/2015,0,1626900000,KOP,1548900000
12/31/2014,0,1555000000,KOP,1503900000
12/31/2017,211417000000,59335889000000,KEP,54865585000000
12/31/2016,188063000000,59763087000000,KEP,48191466000000
12/31/2015,188063000000,58581727000000,KEP,46850741000000
12/31/2014,188063000000,57123026000000,KEP,50903240000000
4/30/2018,0,1767217000,KFY,1563255000
4/30/2017,0,1565521000,KFY,1415872000
4/30/2016,0,1292112000,KFY,1205663000
4/30/2015,0,1028152000,KFY,904656000
12/31/2017,0,578139000,KOS,746843000
12/31/2016,0,310377000,KOS,628476000
12/31/2015,0,446905000,KOS,344760000
12/31/2014,0,855877000,KOS,247180000
12/31/2017,40725000,1960362000,KRA,1752773000
12/31/2016,39491000,1744104000,KRA,1583134000
12/31/2015,31024000,1034626000,KRA,1016395000
12/31/2014,31370000,1230433000,KRA,1184887000
2/3/2018,0,122662000000,KR,120212000000
1/28/2017,0,115337000000,KR,111875000000
1/30/2016,0,109830000000,KR,106208000000
1/31/2015,0,108465000000,KR,105291000000
12/31/2017,0,1729000000,KRO,1390700000
12/31/2016,0,1364300000,KRO,1287100000
12/31/2015,0,1348800000,KRO,1327300000
12/31/2014,0,1651900000,KRO,1505300000
12/31/2017,0,23546929000000,KT,22477837000000
12/31/2016,167881000000,23120878000000,KT,21781098000000
12/31/2015,183821000000,22699856000000,KT,21622788000000
12/31/2014,192034000000,22612713000000,KT,23391553000000
2/3/2018,0,12632000000,LB,10904000000
1/28/2017,0,12574000000,LB,10536000000
1/30/2016,0,12154000000,LB,9962000000
1/31/2015,0,11454000000,LB,9501000000
6/30/2018,3600000,216328000,SCX,211604000
6/30/2017,3500000,207023000,SCX,207079000
6/30/2016,2900000,209685000,SCX,226016000
6/30/2015,1700000,241550000,SCX,232947000
12/31/2017,0,9573000000,LLL,8464000000
12/31/2016,0,9210000000,LLL,8236000000
12/31/2015,0,9231000000,LLL,8351000000
12/31/2014,0,10986000000,LLL,9945000000
12/31/2017,0,10205900000,LH,8691100000
12/31/2016,0,9437200000,LH,8026500000
12/31/2015,0,8505700000,LH,7244600000
12/31/2014,0,6011600000,LH,5066100000
12/31/2017,0,304092000,LADR,170428000
12/31/2016,0,273175000,LADR,158517000
12/31/2015,0,328857000,LADR,166657000
12/31/2014,0,298467000,LADR,168706000
5/27/2018,13500000,3423700000,LW,2839600000
5/28/2017,10600000,3168000000,LW,2620500000
5/29/2016,6700000,2993800000,LW,2612500000
5/31/2015,6700000,2925000000,LW,2548200000
6/30/2018,29196000,684563000,LCI,502149000
6/30/2017,42073000,633341000,LCI,447678000
6/30/2016,45054000,542493000,LCI,352379000
6/30/2015,30342000,406837000,LCI,176029000
12/31/2017,0,822162000,LPI,572140000
12/31/2016,0,597378000,LPI,611701000
12/31/2015,0,606640000,LPI,487066000
12/31/2014,0,793885000,LPI,239579000
12/31/2017,0,12882000000,LVS,9400000000
12/31/2016,0,11410000000,LVS,8721000000
12/31/2015,0,11688000000,LVS,8812000000
12/31/2014,0,14584000000,LVS,10478000000
12/31/2017,0,1104815000,LHO,954841000
12/31/2016,0,1225619000,LHO,1031380000
12/31/2015,0,1216584000,LHO,1029821000
12/31/2014,0,1109778000,LHO,929877000
12/31/2017,0,9613907000,LTM,8907128000
12/31/2016,0,8988340000,LTM,8495041000
12/31/2015,0,9740045000,LTM,9211505000
12/31/2014,0,12093501000,LTM,11552085000
12/31/2017,0,4936.036,LGI,2500.29
12/31/2016,0,6404.571,LGI,2176.522
12/31/2015,0,6188.738,LGI,2261.451
12/31/2014,0,6306.316,LGI,2649.581
12/31/2017,0,2644311000,LAZ,2014831000
12/31/2016,0,2334524000,LAZ,1780037000
12/31/2015,0,2327631000,LAZ,1762318000
12/31/2014,0,2300316000,LAZ,1762675000
4/28/2018,7900000,1583947000,LZB,1455541000
4/29/2017,8000000,1520060000,LZB,1386718000
4/30/2016,6300000,1525398000,LZB,1394567000
4/25/2015,6100000,1425395000,LZB,1322230000
12/31/2017,0,2147770000,LCII,1930580000
12/31/2016,0,1678898000,LCII,1476025000
12/31/2015,0,1403066000,LCII,1281177000
12/31/2014,0,1190782000,LCII,1092257000
12/31/2017,0,0,LEAF,159631000
12/31/2016,19364000,113452000,LEAF,152137000
12/31/2015,26315000,125969000,LEAF,169340000
12/31/2014,37674000,172429000,LEAF,199611000
12/31/2017,0,20467000000,LEA,18791800000
12/31/2016,0,18557600000,LEA,17095200000
12/31/2015,0,18211400000,LEA,16959800000
12/31/2014,0,17727300000,LEA,16718300000
9/24/2017,0,566943000,LEE,475632000
9/25/2016,0,614364000,LEE,518029000
9/27/2015,0,648543000,LEE,544019000
9/28/2014,0,660877000,LEE,553068000
12/31/2017,0,0,LGC,154000
12/31/2016,0,0,LGC,192000
3/31/2018,0,3140322000,LM,2614356000
3/31/2017,0,2886902000,LM,2421985000
3/31/2016,0,2660844000,LM,2224528000
3/31/2015,0,2819106000,LM,2269519000
3/31/2018,0,3140322000,LMHA,2614356000
3/31/2017,0,2886902000,LMHA,2421985000
3/31/2016,0,2660844000,LMHA,2224528000
3/31/2015,0,2819106000,LMHA,2269519000
12/31/2017,0,3943800000,LEG,3500200000
12/31/2016,0,3749900000,LEG,3267400000
12/31/2015,0,3917200000,LEG,3431700000
12/31/2014,0,3782300000,LEG,3461200000
12/29/2017,0,10170000000,LDOS,9485000000
12/30/2016,0,7043000000,LDOS,6528000000
1/1/2016,0,5140363.208,LDOS,4750908.695
1/30/2015,0,5063000000,LDOS,4707000000
12/31/2017,0,362532.033,LEJU,505258.538
12/31/2016,0,559511.11,LEJU,574701.671
12/31/2015,0,575803.936,LEJU,532191.277
12/31/2014,0,496022.873,LEJU,414946.134
12/31/2017,0,574540000,LC,658603000
12/31/2016,0,500812000,LC,611229000
12/31/2015,0,429943000,LC,432105000
12/31/2014,0,211128000,LC,230386000
11/30/2017,0,12646365000,LEN,11305833000
11/30/2016,0,10949999000,LEN,9660190000
11/30/2015,0,9474008000,LEN,8354956000
11/30/2014,0,7779812000,LEN,6827516000
12/31/2017,0,3839600000,LII,3353600000
12/31/2016,0,3641600000,LII,3186100000
12/31/2015,0,3467400000,LII,3106600000
12/31/2014,0,3367400000,LII,3040500000
12/31/2017,0,0,LHC,105.96
12/31/2017,0,391641000,LXP,257320000
12/31/2016,0,429496000,LXP,244507000
12/31/2015,0,430839000,LXP,252129000
12/31/2014,0,423818000,LXP,249265000
12/31/2017,1213432000000,27790216000000,LPL,25328598000000
12/31/2016,1133972000000,26504074000000,LPL,25215856000000
12/31/2015,1217929000000,28383884000000,LPL,26772500000000
12/31/2014,1164294000000,26455529000000,LPL,25110706000000
12/31/2017,0,1489855000,LBRT,1308570000
12/31/2016,0,374773000,LBRT,431880000
12/31/2015,0,455404000,LBRT,458541000
12/31/2017,0,719778000,LPT,479188000
12/31/2016,0,710698000,LPT,466353000
12/31/2015,0,773960000,LPT,512377000
12/31/2014,0,792631000,LPT,535208000
12/31/2017,0,498484000,LSI,323817000
12/31/2016,0,431786000,LSI,273661000
12/31/2015,0,341840000,LSI,193059000
12/31/2014,0,304130000,LSI,185711000
12/31/2017,0,319881000,LITB,330048000
12/31/2016,0,292487000,LITB,301571000
12/31/2015,0,323763000,LITB,362922000
12/31/2014,0,382407000,LITB,413123000
12/31/2017,0,14257000000,LNC,11926000000
12/31/2016,0,13330000000,LNC,11533000000
12/31/2015,0,13572000000,LNC,11870000000
12/31/2014,0,13554000000,LNC,11290000000
8/31/2017,17147000,517985000,LNN,477784000
8/31/2016,15846000,516411000,LNN,482036000
8/31/2015,12849000,560181000,LNN,509486000
8/31/2014,11125000,617933000,LNN,539575000
12/31/2017,0,167147000000,LN,152484000000
12/31/2016,0,140704000000,LN,124878000000
12/31/2015,0,120406000000,LN,118374000000
12/31/2014,0,86366269000,LN,79950971000
12/31/2017,17447000,57611000,LKM,136623000
12/31/2016,22359000,343050000,LKM,354574000
12/31/2015,29020000,406691000,LKM,434183000
12/31/2014,25665000,332324000,LKM,413279000
12/31/2017,0,10086510000,LAD,9671871000
12/31/2016,0,8678157000,LAD,8324801000
12/31/2015,0,7864252000,LAD,7523097000
12/31/2014,0,5390326000,LAD,5154709000
12/31/2017,423000,4290000,LAC,29573000
12/31/2016,428.8,923.2,LAC,12996.8
9/30/2016,421000,620000,LAC,12163000
9/30/2015,434000,0,LAC,6603000
12/31/2017,0,10337448000,LYV,10247020000
12/31/2016,0,8354934000,LYV,8159870000
12/31/2015,0,7245731000,LYV,7113514000
12/31/2014,0,6866964000,LYV,6712277000
12/31/2017,0,17741000000,LYG,12314000000
12/31/2016,0,16598000000,LYG,12386000000
12/31/2015,0,16615000000,LYG,15283000000
12/31/2014,0,15134000000,LYG,13621000000
11/30/2017,0,13476.604,SCD,3512.499
11/30/2016,0,13146.5,SCD,3257.966
11/30/2015,0,14634.133,SCD,3653.873
11/30/2014,0,25001.869,SCD,4021.041
12/31/2017,0,51048000000,LMT,45532000000
12/31/2016,0,47248000000,LMT,42189000000
12/31/2015,0,40536000000,LMT,35934000000
12/31/2014,0,39946000000,LMT,35261000000
12/31/2017,0,13735000000,L,11441000000
12/31/2016,0,13105000000,L,10994000000
12/31/2015,0,13415000000,L,11813000000
12/31/2014,0,14325000000,L,11838000000
12/31/2017,0,15286534.926,LOMA,12146415.57
12/31/2016,0,9874443.208,LOMA,8237878.592
12/31/2014,0,5974129.528,LOMA,5034142.473
12/31/2012,0,3388425.815,LOMA,2856781.929
12/31/2017,0,2733900000,LPX,2200600000
12/31/2016,0,2233400000,LPX,2037800000
12/31/2015,0,1892500000,LPX,1941500000
12/31/2014,0,1934800000,LPX,2020200000
2/2/2018,0,68619000000,LOW,62014000000
2/3/2017,0,65017000000,LOW,58855000000
1/29/2016,0,59074000000,LOW,54069000000
1/30/2015,0,56223000000,LOW,51389000000
12/31/2017,0,427504000,LXU,461595000
12/31/2016,0,374585000,LXU,450732000
12/31/2015,0,437695000,LXU,503332000
12/31/2014,0,495888000,LXU,497131000
12/31/2017,0,3603000000,LKSD,3447000000
12/31/2016,0,3654000000,LKSD,3464000000
12/31/2015,0,3743000000,LKSD,3529000000
12/31/2014,0,3853000000,LKSD,3661000000
12/31/2017,0,166689000,LTC,56853000
12/31/2016,0,161986000,LTC,53980000
12/31/2015,0,137018000,LTC,45780000
12/31/2014,0,118402000,LTC,37393000
8/30/2017,0,376031000,LUB,384737000
8/31/2016,0,402639000,LUB,405205000
8/26/2015,0,394085000,LUB,398323000
8/27/2014,0,395922000,LUB,399093000
12/31/2017,0,1028933000,LL,1065899000
12/31/2016,0,960588000,LL,1027049000
12/31/2015,0,978776000,LL,1018440000
12/31/2014,0,1047419000,LL,943346000
12/31/2017,0,441300000,LXFR,402700000
12/31/2016,0,414800000,LXFR,382100000
12/31/2015,0,460300000,LXFR,419800000
12/31/2014,0,489500000,LXFR,447100000
3/31/2018,0,906766000,LXFT,851786000
3/31/2017,0,785561000,LXFT,723550000
3/31/2016,0,650752000,LXFT,574852000
3/31/2015,0,520548000,LXFT,439746000
12/31/2017,0,698437000,LDL,626972000
12/31/2016,0,566852000,LDL,502925000
12/31/2015,0,524505000,LDL,470674000
12/31/2014,0,535829000,LDL,489314000
12/31/2017,0,1796528000,WLH,1658572000
12/31/2016,0,1406040000,WLH,1312072000
12/31/2015,0,1104052000,WLH,1023805000
12/31/2014,0,894753000,WLH,813448000
12/31/2017,106000000,34484000000,LYB,29024000000
12/31/2016,99000000,29183000000,LYB,24123000000
12/31/2015,102000000,32735000000,LYB,26613000000
12/31/2014,127000000,45608000000,LYB,39872000000
12/31/2017,0,5464187000,MTB,3007088000
12/31/2016,0,5105883000,MTB,2864072000
12/31/2015,0,4518624000,MTB,2668419000
12/31/2014,0,4331719000,MTB,2600119000
12/31/2017,0,2577614000,MDC,2396340000
12/31/2016,0,2326844000,MDC,2167385000
12/31/2015,0,1909036000,MDC,1796151000
12/31/2014,0,1694584000,MDC,1590715000
12/31/2017,0,1961971000,MHO,1818388000
12/31/2016,0,1691327000,MHO,1579623000
12/31/2015,0,1418395000,MHO,1304579000
12/31/2014,0,1215180000,MHO,1131455000
12/31/2017,0,1057440000,MAC,758982000
12/31/2016,0,1085017000,MAC,782651000
12/31/2015,0,1321512000,MAC,966497000
12/31/2014,0,1160241000,MAC,850057000
12/31/2017,0,610119000,CLI,510853000
12/31/2016,0,632186000,CLI,508760000
12/31/2015,0,591711000,CLI,493296000
12/31/2014,0,634376000,CLI,524188000
11/30/2017,0,13035.399,MFD,1989.545
11/30/2016,0,12286.938,MFD,1986.509
11/30/2015,0,15119.856,MFD,2320.519
11/30/2014,0,13470.158,MFD,2542.786
11/30/2017,0,22950.286,MGU,5695.137
11/30/2016,0,18919.462,MGU,5493.808
11/30/2015,0,16472.703,MGU,5883.884
11/30/2014,0,18751.165,MGU,5888.018
12/31/2017,0,1814713000,MIC,1493675000
12/31/2016,0,1651731000,MIC,1330590000
12/31/2015,0,1639250000,MIC,1658182000
12/31/2014,0,1350918000,MIC,1314063000
12/31/2017,0,28505310000,BMA,13238010000
12/31/2016,0,20167713000,BMA,9914296000
12/31/2015,0,15174415000,BMA,7244707000
12/31/2014,0,11112733000,BMA,5532059000
2/3/2018,0,24837000000,M,23296000000
1/28/2017,0,25778000000,M,24141000000
1/30/2016,0,27079000000,M,24981000000
1/31/2015,0,28105000000,M,25226000000
12/31/2017,0,0,MCN,0
12/31/2016,0,2348.918,MCN,1726.416
12/31/2015,0,2562.674,MCN,1846.897
12/31/2014,0,1612.394,MCN,1926.986
12/31/2017,0,0,MSP,0
12/31/2016,0,1042.497,MSP,714.399
12/31/2015,0,1154.384,MSP,760.253
12/31/2014,0,737.109,MSP,794.109
12/31/2017,0,2507661000,MMP,1575942000
12/31/2016,0,2205410000,MMP,1347317000
12/31/2015,0,2188453000,MMP,1287683000
12/31/2014,0,2360352000,MMP,1396115000
12/31/2017,0,38946000000,MGA,36099000000
12/31/2016,0,36445000000,MGA,33780000000
12/31/2015,0,32134000000,MGA,29809000000
12/31/2014,0,34403000000,MGA,31925000000
12/31/2017,70523000,679672000,MX,644077000
12/31/2016,72180000,687969000,MX,688817000
12/31/2015,83420000,633712000,MX,685117000
12/31/2014,92765000,698218000,MX,765075000
12/31/2017,0,0,MGY,1147.311
12/31/2017,0,2921148000,MHLA,3053461000
12/31/2016,0,2731633000,MHLA,2663015000
12/31/2015,0,2573111000,MHLA,2425479000
12/31/2014,0,2381167000,MHLA,2223421000
12/31/2017,0,205741000,MAIN,33891000
12/31/2016,0,178339000,MAIN,28907000
12/31/2015,0,164589000,MAIN,25400000
12/31/2014,0,140763000,MAIN,21638000
12/29/2017,277300000,3221600000,MNK,2782100000
12/30/2016,264800000,3319600000,MNK,3263600000
9/30/2016,262200000,3380800000,MNK,2662700000
9/25/2015,203300000,2923100000,MNK,2356500000
6/30/2018,0,590022000,MANU,562089000
6/30/2017,0,581204000,MANU,513379000
6/30/2016,0,515345000,MANU,429208000
6/30/2015,0,395178000,MANU,379924000
12/31/2017,0,1581300000,MTW,1552900000
12/31/2016,0,1613100000,MTW,1646100000
12/31/2015,0,1865700000,MTW,1853400000
12/31/2014,0,2305200000,MTW,2191500000
12/31/2017,0,201527000,MN,150802000
12/31/2016,0,248937000,MN,156654000
12/31/2015,0,318043000,MN,189491000
12/31/2014,0,396998000,MN,223929000
12/31/2017,0,21034300000,MAN,20212600000
12/31/2016,0,19654100000,MAN,18905500000
12/31/2015,0,19329900000,MAN,18621200000
12/31/2014,0,20762800000,MAN,20033900000
12/31/2017,0,56720000000,MFC,53080000000
12/31/2016,0,51897000000,MFC,47555000000
12/31/2015,0,33448000000,MFC,29729000000
12/31/2014,0,53234000000,MFC,47839000000
12/31/2017,0,4330000000,MRO,4777000000
12/31/2016,0,3132000000,MRO,4520000000
12/31/2015,0,4557000000,MRO,6580000000
12/31/2014,0,10924000000,MRO,9659000000
12/31/2017,0,67294000000,MPC,63612000000
12/31/2016,0,56011000000,MPC,53350000000
12/31/2015,0,64471000000,MPC,59700000000
12/31/2014,0,91254000000,MPC,87352000000
12/31/2017,0,719700000,MMI,623568000
12/31/2016,0,717450000,MMI,610949000
12/31/2015,0,689055000,MMI,574404000
12/31/2014,0,572188000,MMI,487582000
12/28/2017,0,622714000,MCS,547119000
12/29/2016,0,540564000,MCS,471873000
12/31/2015,0,555886.378,MCS,479305.794
5/28/2015,0,488067000,MCS,434505000
12/31/2017,0,267316000,MPX,237557000
12/31/2016,858000,241330000,MPX,218174000
12/31/2015,663000,207061000,MPX,186510000
12/31/2014,743000,171050000,MPX,159044000
9/30/2017,0,1052320000,HZO,1004043000
9/30/2016,0,942050000,HZO,901798000
9/30/2015,0,751370000,HZO,727057000
9/30/2014,0,624692000,HZO,610305000
12/31/2017,0,6061659000,MKL,5841913000
12/31/2016,0,5612026000,MKL,4789387000
12/31/2015,0,5369983000,MKL,4494697000
12/31/2014,0,5133667000,MKL,4562147000
12/31/2017,0,1817039000,VAC,1581526000
12/30/2016,0,1253144000,VAC,1028176000
1/1/2016,0,1283873000,VAC,1064604000
1/2/2015,0,1190312000,VAC,1009501000
12/31/2017,0,14024000000,MMC,11168000000
12/31/2016,0,13211000000,MMC,10547000000
12/31/2015,0,12893000000,MMC,10474000000
12/31/2014,0,12951000000,MMC,10650000000
12/31/2017,0,3721428000,MLM,3019107000
12/31/2016,0,3576767000,MLM,2898182000
12/31/2015,0,3268116000,MLM,2753510000
12/31/2014,0,2679095000,MLM,2321331000
12/31/2017,0,7644000000,MAS,6475000000
12/31/2016,0,7357000000,MAS,6304000000
12/31/2015,0,7142000000,MAS,6228000000
12/31/2014,0,7006000000,MAS,6265000000
12/31/2017,0,2032925000,DOOR,1872797000
1/1/2017,0,1973964000,DOOR,1824683000
1/3/2016,0,1871965000,DOOR,1767660000
12/28/2014,0,1837700000,DOOR,1799878000
12/31/2017,0,6606978000,MTZ,6208459000
12/31/2016,0,5134703000,MTZ,4856173000
12/31/2015,0,4208330000,MTZ,4127875000
12/31/2014,0,4611803000,MTZ,4362720000
12/31/2017,0,12497000000,MA,5686000000
12/31/2016,0,10776000000,MA,4898000000
12/31/2015,0,9667000000,MA,4449000000
12/31/2014,0,9441000000,MA,4248000000
12/31/2017,0,505882000,MTDR,343541000
12/31/2016,0,279774000,MTDR,298308000
12/31/2015,0,267004000,MTDR,272500000
12/31/2014,0,368925000,MTDR,188594000
12/31/2017,13981000,1139447000,MTRN,1096612000
12/31/2016,12802000,969236000,MTRN,938669000
12/31/2015,12796000,1025272000,MTRN,990322000
12/31/2014,12850000,1126890000,MTRN,1083456000
12/31/2017,0,2046900000,MATX,1925700000
12/31/2016,0,1941600000,MATX,1799100000
12/31/2015,0,1884900000,MATX,1703000000
12/31/2014,0,1714200000,MATX,1580800000
12/31/2017,0,24377000,MLP,13287000
12/31/2016,0,47364000,MLP,23894000
12/31/2015,0,22786000,MLP,13454000
12/31/2014,0,33264000,MLP,13359000
12/31/2017,0,1631200000,MAXR,1488700000
12/31/2016,0,1557500000,MAXR,1390700000
12/31/2015,0,2117363000,MAXR,1879199000
12/31/2014,0,2098837000,MAXR,1899068000
9/30/2017,0,2450961000,MMS,2135774000
9/30/2016,0,2403360000,MMS,2120605000
9/30/2015,0,2099821000,MMS,1835244000
9/30/2014,0,1700912000,MMS,1475604000
12/31/2017,112279000,420318000,MXL,394908000
12/31/2016,97745000,387832000,MXL,314180000
12/31/2015,85405000,300360000,MXL,293949000
12/31/2014,56625000,133112000,MXL,141970000
12/31/2017,0,370000000,MBI,814000000
12/31/2016,0,288000000,MBI,411000000
12/31/2015,0,900000000,MBI,326000000
12/31/2014,0,1333000000,MBI,380000000
11/30/2017,66100000,4834100000,MKC,4046500000
11/30/2016,61000000,4411500000,MKC,3749000000
11/30/2015,60800000,4296300000,MKC,3678800000
11/30/2014,62000000,4243200000,MKC,3635000000
12/31/2017,4946000,2984768000,MDR,2655566000
12/31/2016,346000,2635983000,MDR,2427509000
12/31/2015,724000,3070275000,MDR,2906966000
12/31/2014,724000,2300889000,MDR,2321577000
12/31/2017,0,22820400000,MCD,14467100000
12/31/2016,0,24621900000,MCD,16801700000
12/31/2015,0,25413000000,MCD,18058100000
12/31/2014,0,27441300000,MCD,19473500000
12/31/2017,0,67724000,MUX,92996000
12/31/2016,0,60388000,MUX,57992000
12/31/2015,0,72956000,MUX,62326000
12/31/2014,0,45303000,MUX,82100000
3/31/2018,125000000,208357000000,MCK,205436000000
3/31/2017,341000000,198533000000,MCK,195063000000
3/31/2016,392000000,190884000000,MCK,187213000000
3/31/2015,392000000,179045000000,MCK,175926000000
12/31/2017,0,4443351000,MDU,4014639000
12/31/2016,0,4128828000,MDU,3717397000
12/31/2015,0,4014052000,MDU,3677177000
12/31/2014,0,4115073000,MDU,3787891000
12/31/2017,0,299113000000,MTL,235228000000
12/31/2016,0,276009000000,MTL,227590000000
12/31/2015,0,253141000000,MTL,226284000000
12/31/2014,0,243992000000,MTL,234127000000
12/31/2017,0,61105000,MRT,28804000
12/31/2016,0,49296000,MRT,26804000
12/31/2015,0,44438000,MRT,20140000
12/31/2014,0,8170.5,MRT,7398000
12/31/2017,0,714803000,MPW,219161000
12/31/2016,0,540021000,MPW,166370000
12/31/2015,0,444727000,MPW,177540000
12/31/2014,0,315091000,MPW,119452000
12/31/2017,1500000,0,MED,0
12/31/2016,2000000,274534000,MED,240426000
12/31/2015,1800000,272773000,MED,242005000
12/31/2014,1300000,285285000,MED,250442000
9/30/2017,0,96256.078,MCC,28216.176
9/30/2016,0,120748.969,MCC,36881.356
9/30/2015,0,149196.102,MCC,50728.563
9/30/2014,0,139389.86,MCC,44588.919
12/31/2017,0,65561000,MDLY,38419000
12/31/2016,0,76028000,MDLY,55803000
12/31/2015,0,67426000,MDLY,35252000
12/31/2014,0,68373000,MDLY,32961000
12/31/2017,0,3458312000,MD,2978236000
12/31/2016,0,3183159000,MD,2611472000
12/31/2015,0,2779996000,MD,2222128000
12/31/2014,0,2438913000,MD,1925914000
4/27/2018,2253000000,29953000000,MDT,23098000000
4/28/2017,2193000000,29710000000,MDT,23615000000
4/29/2016,2224000000,28833000000,MDT,23114000000
4/24/2015,1640000000,20261000000,MDT,15289000000
12/31/2017,9687000000,40122000000,MRK,31974000000
12/31/2016,6784000000,39807000000,MRK,29736000000
12/31/2015,6613000000,39498000000,MRK,30835000000
12/31/2014,6532000000,42237000000,MRK,32890000000
12/31/2017,0,3412662000,MCY,3233709000
12/31/2016,0,3227683000,MCY,3152997000
12/31/2015,0,3009300000,MCY,2935565000
12/31/2014,0,3011773000,MCY,2761711000
6/30/2018,0,2247400000,MDP,1958100000
6/30/2017,0,1713300000,MDP,1389400000
6/30/2016,0,1649600000,MDP,1393900000
6/30/2015,0,1594176000,MDP,1334106000
12/31/2017,0,3240975000,MTH,2991409000
12/31/2016,0,3041734000,MTH,2823715000
12/31/2015,0,2579459000,MTH,2366146000
12/31/2014,0,2179764000,MTH,1968609000
9/30/2017,0,3347000000,MTOR,3105000000
9/30/2016,0,3199000000,MTOR,2986000000
9/30/2015,0,3505000000,MTOR,3264000000
9/30/2014,0,3766000000,MTOR,3539000000
12/31/2017,0,3039.014,MTR,100.795
12/31/2016,0,1366.69,MTR,152.778
12/31/2015,0,2076.87,MTR,161.207
12/31/2014,0,6692.092,MTR,158.544
1/31/2018,0,34567.557,MSB,1004.657
1/31/2017,0,10736.534,MSB,1064.787
1/31/2016,0,9721.508,MSB,1108.722
1/31/2015,0,26080.115,MSB,1260.409
4/28/2018,0,908300000,MEI,774300000
4/29/2017,0,816500000,MEI,690900000
4/30/2016,0,809100000,MEI,688500000
5/2/2015,0,881100000,MEI,754700000
12/31/2017,0,62266000000,MET,57470000000
12/31/2016,0,60732000000,MET,55103000000
12/31/2015,0,61257000000,MET,54461000000
12/31/2014,0,73265000000,MET,63207000000
12/31/2017,0,56323000,MCB,31678000
12/31/2016,0,35429000,MCB,26696000
12/31/2015,0,29905000,MCB,22523000
12/31/2017,129265000,2725053000,MTD,2111140000
12/31/2016,119968000,2508257000,MTD,1961312000
12/31/2015,119076000,2395447000,MTD,1894291000
12/31/2014,123297000,2485983000,MTD,2008297000
12/31/2017,0,389794000,MFA,66501000
12/31/2016,0,369452000,MFA,56784000
12/31/2015,0,365579000,MFA,52353000
12/31/2014,0,358794000,MFA,43628000
12/31/2017,0,269104000,MFCB,315392000
12/31/2016,0,1115906000,MFCB,1148528000
12/31/2015,0,1611458000,MFCB,1665203000
12/31/2014,0,1390885000,MFCB,1352103000
11/30/2017,0,24448.048,MCR,3318.609
11/30/2016,0,28732.446,MCR,3568.22
11/30/2015,0,30729.941,MCR,3807.718
11/30/2014,0,33279.766,MCR,4029.564
11/30/2017,0,5782.565,MGF,1283.413
11/30/2016,0,6411.361,MGF,1373.378
11/30/2015,0,6909.486,MGF,1459.033
11/30/2014,0,7372.275,MGF,1501.424
10/31/2017,0,26710.075,MMT,3750.516
10/31/2016,0,31104.166,MMT,4332.97
10/31/2015,0,32768.599,MMT,4460.566
10/31/2014,0,36398.086,MMT,4813.997
10/31/2017,0,1953.403,MFV,525.877
10/31/2016,0,2193.131,MFV,586.991
10/31/2015,0,2390.08,MFV,648.349
10/31/2014,0,2652.742,MFV,662.828
12/31/2017,0,1066054000,MTG,224458000
12/31/2016,0,1058483000,MTG,400566000
12/31/2015,0,1065039000,MTG,507913000
12/31/2014,0,967344000,MTG,642136000
12/31/2017,0,765695000,MGP,395606000
12/31/2016,0,467548000,MGP,303596000
12/31/2015,0,0,MGP,261954000
12/31/2014,0,0,MGP,246242000
12/31/2017,0,10371862000,MGM,8792709000
12/31/2016,0,9057971000,MGM,7756505000
12/31/2015,0,8791232000,MGM,7677405000
12/31/2014,0,9698550000,MGM,8397846000
3/31/2018,0,4718600000,KORS,3834700000
4/1/2017,0,4493700000,KORS,3593300000
4/2/2016,0,4712100000,KORS,3526100000
3/28/2015,0,4371500000,KORS,3113700000
4/30/2018,458362000,3208676000,MFGP,2631159000
4/30/2017,173312000,1380702000,MFGP,990162000
4/30/2016,163388000,1245049000,MFGP,922396000
4/30/2015,159280000,834539000,MFGP,590886000
12/31/2017,0,1528987000,MAA,1154221000
12/31/2016,0,1125348000,MAA,809447000
12/31/2015,0,1042779000,MAA,751871000
12/31/2014,0,992332000,MAA,750552000
12/31/2017,0,65434000,MSL,72995000
12/31/2016,0,81846000,MSL,68550000
12/31/2015,0,82737000,MSL,67192000
12/31/2014,0,91621000,MSL,67895000
12/31/2017,0,1234200000,MCRN,1132800000
12/31/2016,0,1166700000,MCRN,1061100000
12/31/2015,0,1179500000,MCRN,1078400000
12/31/2014,0,1211300000,MCRN,1095900000
12/31/2017,0,615101000,MLR,583561000
12/31/2016,0,601119000,MLR,569158000
12/31/2015,0,540966000,MLR,514844000
12/31/2014,0,492776000,MLR,468287000
12/31/2017,23700000,1675700000,MTX,1414600000
12/31/2016,23800000,1638000000,MTX,1380800000
12/31/2015,23600000,1797600000,MTX,1540300000
12/31/2014,24400000,1725000000,MTX,1496200000
12/31/2017,2272000,700970000,MG,678918000
12/31/2016,2703.429,692847.544,MG,661940.682
5/31/2016,2523000,719181000,MG,671137000
12/31/2015,2453.143,733565.265,MG,675041.255
3/31/2018,0,4406199000000,MUFG,2356686000000
3/31/2017,0,3161298000000,MUFG,2549626000000
3/31/2016,0,4437202000000,MUFG,2486334000000
3/31/2015,0,4966805000000,MUFG,2356003000000
3/31/2018,0,1712482000,MIXT,1501294000
3/31/2017,0,1540058000,MIXT,1384207000
3/31/2016,0,1465021000,MIXT,1320953000
3/31/2015,0,1389380000,MIXT,1231033000
3/31/2018,0,2715720000000,MFG,1934770000000
3/31/2017,0,2676935000000,MFG,1895589000000
3/31/2016,0,2759921000000,MFG,1742626000000
3/31/2015,0,2733641000000,MFG,1701266000000
12/31/2017,0,442911000000,MBT,347477000000
12/31/2016,0,435692000000,MBT,352723000000
12/31/2015,0,426639000000,MBT,331968000000
12/31/2014,0,410678000000,MBT,309712000000
9/30/2017,31064000,131169000,MODN,167580000
9/30/2016,23706000,106971000,MODN,139406000
9/30/2015,17906000,93768000,MODN,111622000
9/30/2014,18710000,81756000,MODN,102123000
3/31/2018,65800000,2103100000,MOD,1988100000
3/31/2017,64400000,1503000000,MOD,1432700000
3/31/2016,61100000,1352500000,MOD,1286900000
3/31/2015,62000000,1496400000,MOD,1436400000
12/31/2017,0,684615000,MC,520333000
12/31/2016,0,613373000,MC,452284000
12/31/2015,0,551863000,MC,414360000
12/31/2014,0,518750000,MC,361068000
12/31/2017,0,9491290000,MHK,8137117000
12/31/2016,0,8959087000,MHK,7670616000
12/31/2015,0,8071563000,MHK,7023613000
12/31/2014,0,7803446000,MHK,6979048000
12/31/2017,0,19445000000,MOH,19296000000
12/31/2016,0,17022000000,MOH,16716000000
12/31/2015,0,13537000000,MOH,13150000000
12/31/2014,0,9373000000,MOH,9180000000
9/30/2017,0,113545.982,MNR,56584.528
9/30/2016,0,94916.11,MNR,47707.504
9/30/2015,0,77775.497,MNR,40330.05
9/30/2014,0,64672.341,MNR,34045.987
12/31/2017,0,4204100000,MCO,2372500000
12/31/2016,0,3604200000,MCO,2089400000
12/31/2015,0,3484500000,MCO,2010500000
12/31/2014,0,3334300000,MCO,1895200000
12/31/2017,0,37945000000,MS,25157000000
12/31/2016,0,34631000000,MS,23608000000
12/31/2015,0,35226000000,MS,23881000000
12/31/2014,0,33977000000,MS,25473000000
12/31/2017,0,5468000,APF,3333000
12/31/2016,0,5052000,APF,2682000
12/31/2015,0,5270000,APF,3035000
12/31/2014,0,5850000,APF,3625000
12/31/2017,0,0,MOSC,0
12/31/2017,0,7409400000,MOS,6883200000
12/31/2016,0,7162800000,MOS,6712300000
12/31/2015,0,8895300000,MOS,7578900000
12/31/2014,0,9055800000,MOS,7587200000
12/31/2017,568000000,6380000000,MSI,5045000000
12/31/2016,553000000,6038000000,MSI,4792000000
12/31/2015,620000000,5695000000,MSI,4616000000
12/31/2014,681000000,5881000000,MSI,4910000000
1/31/2018,0,567953000,MOV,510366000
1/31/2017,0,552752000,MOV,496971000
1/31/2016,0,594923000,MOV,520816000
1/31/2015,0,586980000,MOV,515493000
12/31/2017,0,3789000000,MPLX,2638000000
12/31/2016,0,3102000000,MPLX,2216000000
12/31/2015,0,1098000000,MPLX,690000000
12/31/2014,0,793000000,MPLX,548000000
12/31/2017,0,3646000000,MRC,3580000000
12/31/2016,0,3041000000,MRC,3067000000
12/31/2015,0,4529000000,MRC,4335000000
12/31/2014,0,5933000000,MRC,5617000000
12/31/2017,50061000,1196809000,MSA,994373000
12/31/2016,46847000,1149530000,MSA,976378000
12/31/2015,48630000,1130783000,MSA,986080000
12/31/2014,48247000,1133885000,MSA,989580000
9/2/2017,0,2887744000,MSM,2507742000
9/3/2016,0,2863505000,MSM,2487545000
8/29/2015,0,2910379000,MSM,2526350000
8/30/2014,0,2787122000,MSM,2386538000
12/31/2017,75884000,1274172000,MSCI,694984000
12/31/2016,75204000,1150669000,MSCI,662565000
12/31/2015,77320000,1075013000,MSCI,671115000
12/31/2014,71095000,996680000,MSCI,659514000
6/30/2018,0,696651000,MSGN,385203000
6/30/2017,0,675352000,MSGN,362088000
6/30/2016,0,658198000,MSGN,384612000
6/30/2015,0,631010000,MSGN,389877000
12/30/2017,0,2266073000,MLI,2114141000
12/31/2016,0,2055622000,MLI,1896131000
12/26/2015,0,2100002000,MLI,1972768000
12/27/2014,0,2364227000,MLI,2209194000
9/30/2017,0,826000000,MWA,714900000
9/30/2016,0,800600000,MWA,691100000
9/30/2015,0,793400000,MWA,694500000
9/30/2014,0,1184700000,MWA,1062200000
8/31/2017,0,48027.535,MVF,5703.334
8/31/2016,0,49156.705,MVF,5845.92
8/31/2015,0,48840.646,MVF,5809.936
8/31/2014,0,49868.875,MVF,5636.08
7/31/2017,0,4686.365,MZA,696.822
7/31/2016,0,4697.819,MZA,707.776
7/31/2015,0,4789.578,MZA,712.457
7/31/2014,0,4795.786,MZA,672.122
12/31/2017,0,2097695000,MUR,1894656000
12/31/2016,0,1809575000,MUR,2089186000
12/31/2015,0,2787116000,MUR,3378911000
12/31/2014,0,5288933000,MUR,4045999000
12/31/2017,0,10853441000,MUSA,10566298000
12/31/2016,0,9633075000,MUSA,9333210000
12/31/2015,0,10730782000,MUSA,10476018000
12/31/2014,0,15055406000,MUSA,14690018000
12/31/2017,0,9118.031,MVO,838.031
12/31/2016,0,5498.736,MVO,898.736
12/31/2015,0,15460.776,MVO,798.276
12/31/2014,0,39937.139,MVO,894.639
10/31/2017,0,20104.1,MVC,15413.192
10/31/2016,0,37366.884,MVC,7824.907
10/31/2015,0,23698.782,MVC,4170.07
10/31/2014,0,19816.425,MVC,8792.787
12/31/2017,0,0,MYE,516604000
12/31/2016,0,534379000,MYE,505260000
12/31/2015,0,571020000,MYE,537607000
12/31/2014,0,623649000,MYE,591942000
3/31/2018,116832000,0,MYOV,141063000
3/31/2017,43500000,0,MYOV,55857000
3/31/2016,43500000,0,MYOV,9942000
12/31/2017,51069000,2565486000,NBR,2863265000
12/31/2016,33582000,2227839000,NBR,2477150000
12/31/2015,41253000,3864437000,NBR,3707476000
12/31/2014,49698000,6804197000,NBR,6199898000
12/31/2017,0,104778000,NC,140045000
12/31/2016,0,111081000,NC,164269000
12/31/2015,0,147998000,NC,202860000
12/31/2014,0,896782000,NC,1021408000
12/31/2017,0,1851000,NTP,9280000
12/31/2016,0,2508000,NTP,9099000
12/31/2015,0,2978000,NTP,15811000
12/31/2014,0,2341000,NTP,14387000
12/31/2017,0,172339000,NBHC,129923000
12/31/2016,0,162016000,NBHC,131676000
12/31/2015,0,164901000,NBHC,150066000
12/31/2014,0,162344000,NBHC,153655000
9/30/2017,0,1579881000,NFG,1027036000
9/30/2016,0,1452416000,NFG,920627000
9/30/2015,0,1760913000,NFG,1245709000
9/30/2014,0,2113081000,NFG,1543408000
3/31/2018,0,15250000000,NGG,11840000000
3/31/2017,0,15035000000,NGG,11295000000
3/31/2016,0,13212000000,NGG,10088000000
3/31/2015,0,13357000000,NGG,10483000000
12/31/2017,0,278659000,NHI,80844000
12/31/2016,0,247246000,NHI,80185000
12/31/2015,0,227181000,NHI,64600000
12/31/2014,0,177438000,NHI,47999000
12/31/2017,0,7304000000,NOV,7581000000
12/31/2016,0,7251000000,NOV,8690000000
12/31/2015,0,14757000000,NOV,13458000000
12/31/2014,0,21440000000,NOV,17723000000
12/31/2017,0,333633000,NPK,271929000
12/31/2016,0,341905000,NPK,279040000
12/31/2015,0,355649000,NPK,293124000
12/31/2014,0,347198000,NPK,299129000
12/31/2017,0,584933000,NNN,230632000
12/31/2016,0,533647000,NNN,216553000
12/31/2015,0,482916000,NNN,190291000
12/31/2014,0,434877000,NNN,169262000
12/31/2017,0,18524601000,SID,16296188000
12/31/2016,0,17148949000,SID,15470865000
12/31/2015,0,15261697000,SID,13720941000
12/31/2014,0,16126232000,SID,13268041000
12/31/2017,0,265791000,NSA,190023000
12/31/2016,0,197562000,NSA,141390000
12/31/2015,0,133919000,NSA,102328000
12/31/2014,0,76970000,NSA,59887000
12/31/2017,0,67693000,NGS,66126000
12/31/2016,0,71654000,NGS,62679000
12/31/2015,0,95919000,NGS,76402000
12/31/2014,0,96974000,NGS,74988000
9/30/2017,0,769030000,NGVC,754932000
9/30/2016,0,705499000,NGVC,685120000
9/30/2015,0,624678000,NGVC,596049000
9/30/2014,0,520674000,NGVC,496426000
12/31/2017,0,333704000,NRP,193978000
12/31/2016,0,330917000,NRP,211189000
12/31/2015,0,382830000,NRP,596927000
12/31/2014,0,308116000,NRP,168375000
12/31/2017,0,449586000,NTZ,469424000
12/31/2016,0,457218000,NTZ,453924000
12/31/2015,0,488476000,NTZ,496105000
12/31/2014,0,461400000,NTZ,498358000
12/31/2017,0,0,NLS,0
12/31/2016,13919000,406039000,NLS,352645000
12/31/2015,9904000,335764000,NLS,291593000
12/31/2014,7231000,274447000,NLS,244293000
12/31/2017,0,939639000,NCI,851594000
12/31/2016,0,938746000,NCI,835638000
12/31/2015,0,833808000,NCI,745681000
12/31/2014,0,766552000,NCI,676553000
12/31/2017,0,0,NVGS,0
12/31/2016,0,294112000,NVGS,215651000
12/31/2015,0,315223000,NVGS,186541000
12/31/2014,0,304875000,NVGS,189413000
12/31/2017,0,227288000,NNA,191939000
12/31/2016,0,290245000,NNA,181087000
12/31/2015,0,313396000,NNA,174515000
12/31/2014,0,264877000,NNA,185299000
12/31/2017,0,463049000,NM,473305000
12/31/2016,0,419782000,NM,454212000
12/31/2015,0,480820000,NM,563801000
12/31/2014,0,569016000,NM,535344000
12/31/2017,0,83052000,NAP,53824000
12/31/2016,0,91834000,NAP,53923000
12/31/2015,0,83362000,NAP,45498000
12/31/2014,0,63534000,NAP,37016000
12/31/2017,0,211652000,NMM,172436000
12/31/2016,0,190524000,NMM,159595000
12/31/2015,0,223676000,NMM,155605000
12/31/2014,0,227356000,NMM,148108000
10/31/2017,251000000,8570000000,NAV,8209000000
10/31/2016,247000000,8111000000,NAV,7915000000
10/31/2015,288000000,10140000000,NAV,9918000000
10/31/2014,331000000,10806000000,NAV,10872000000
10/29/2017,0,1770278000,NCS,1656842000
10/30/2016,0,1684928000,NCS,1570869000
11/1/2015,0,1563693000,NCS,1492762000
11/2/2014,0,1370540000,NCS,1341715000
12/31/2017,252000000,6516000000,NCR,5806000000
12/31/2016,242000000,6543000000,NCR,5911000000
12/31/2015,230000000,6373000000,NCR,6153000000
12/31/2014,263000000,6591000000,NCR,6051000000
12/31/2017,0,979900000,NP,876700000
12/31/2016,0,941500000,NP,819500000
12/31/2015,0,887700000,NP,779900000
12/31/2014,0,839700000,NP,746900000
12/31/2017,0,722413000,NNI,495729000
12/31/2016,0,824491000,NNI,428677000
12/31/2015,0,876093000,NNI,454524000
12/31/2014,0,901766000,NNI,437750000
12/31/2017,0,0,NPTN,339576000
12/31/2016,57376000,411423000,NPTN,404879000
12/31/2015,44533000,339439000,NPTN,333984000
12/31/2014,45959000,306177000,NPTN,327377000
12/31/2017,0,1889006000,NETS,1954083000
12/31/2016,0,1739540000,NETS,1806835000
12/31/2015,0,1505686000,NETS,1568823000
12/31/2014,0,1125795000,NETS,1226038000
12/31/2017,37560000,326674000,NVRO,338453000
12/31/2016,33729000,228504000,NVRO,251585000
12/31/2015,21382000,69606000,NVRO,131973000
12/31/2014,19824000,32573000,NVRO,60879000
12/31/2017,0,751166000,NWHM,717072000
12/31/2016,0,694456000,NWHM,664288000
12/31/2015,0,430099000,NWHM,408928000
12/31/2014,0,149657000,NWHM,152303000
12/31/2017,0,1342004000,NEWM,1264569000
12/25/2016,0,1255356000,NEWM,1179976000
12/27/2015,0,1195815000,NEWM,1130589000
12/28/2014,0,652323000,NEWM,621699000
12/31/2017,0,0,NMFC,0
12/31/2016,0,168084000,NMFC,51372000
12/31/2015,0,153855000,NMFC,47826000
12/31/2014,0,135601000,NMFC,41830000
5/31/2018,0,2447430000,EDU,2184471000
5/31/2017,0,1799509000,EDU,1537360000
5/31/2016,0,1478348000,EDU,1283271000
5/31/2015,0,1246766000,EDU,1093237000
3/31/2018,74332000,355058000,NEWR,401866000
3/31/2017,61054000,263479000,NEWR,324774000
3/31/2016,46394000,181309000,NEWR,248547000
3/31/2015,24024000,110391000,NEWR,160307000
12/31/2017,0,1604857000,NRZ,422577000
12/31/2016,0,795837000,NRZ,174210000
12/31/2015,0,388704000,NRZ,100823000
12/31/2014,0,564955000,NRZ,104899000
12/31/2017,0,449130000,SNR,403519000
12/31/2016,0,472438000,SNR,462710000
12/31/2015,0,388478000,SNR,379373000
12/31/2014,0,254985000,SNR,231407000
2/3/2018,0,926868000,NWY,918207000
1/28/2017,0,929081000,NWY,937540000
1/30/2016,0,950108000,NWY,950210000
1/31/2015,0,923332000,NWY,920017000
12/31/2017,0,1309641000,NYCB,641218000
12/31/2016,0,1428774000,NYCB,638109000
12/31/2015,0,633842000,NYCB,615600000
12/31/2014,0,1360533000,NYCB,579170000
12/31/2016,0,174986000,NYRT,185118000
12/31/2015,0,189890000,NYRT,195415000
12/31/2014,0,169195000,NYRT,189061000
12/31/2013,0,58623000,NYRT,65105000
12/31/2017,0,1658939000,NYT,1447482000
12/25/2016,0,1538242000,NYT,1374981000
12/27/2015,0,1562315000,NYT,1369311000
12/28/2014,0,1573828000,NYT,1433723000
12/31/2017,0,14742200000,NWL,12970100000
12/31/2016,188200000,13264000000,NWL,11309000000
12/31/2015,112600000,5915700000,NWL,5096800000
12/31/2014,107500000,5727000000,NWL,4947200000
12/31/2017,0,1767000000,NFX,1297000000
12/31/2016,0,1472000000,NFX,1508000000
12/31/2015,0,1557000000,NFX,1428000000
12/31/2014,0,2288000000,NFX,1103000000
9/30/2017,0,2268617000,NJR,2101573000
9/30/2016,0,1880905000,NJR,1713370000
9/30/2015,0,2733987000,NJR,2485536000
9/30/2014,0,3738145000,NJR,3536955000
12/31/2017,140193000,2198404000,NEU,1861635000
12/31/2016,156959000,2049451000,NEU,1686761000
12/31/2015,158254000,2140830000,NEU,1784110000
12/31/2014,139183000,2335405000,NEU,1972685000
12/31/2017,143000000,7348000000,NEM,5748000000
12/31/2016,134000000,6711000000,NEM,5272000000
12/31/2015,126000000,6085000000,NEM,5114000000
12/31/2014,159000000,6819000000,NEM,5301000000
12/31/2017,0,747763000,NR,721805000
12/31/2016,0,471496000,NR,520267000
12/31/2015,0,676865000,NR,690820000
12/31/2014,0,1118416000,NR,989189000
12/31/2017,0,2449484000,NEXA,2052056000
12/31/2016,0,1964841000,NEXA,1820376000
12/31/2015,0,1865183000,NEXA,1689233000
12/31/2014,0,2118332000,NEXA,1912918000
12/31/2017,0,144235000,NXRT,130946000
12/31/2016,0,132848000,NXRT,111003000
12/31/2015,0,117658000,NXRT,110181000
12/31/2014,0,43150000,NXRT,53409000
12/31/2017,0,807000000,NEP,500000000
12/31/2016,0,772000000,NEP,473000000
12/31/2015,0,501000000,NEP,292000000
12/31/2014,0,359000000,NEP,183000000
12/31/2017,0,17195000000,NEE,11210000000
12/31/2016,0,16155000000,NEE,11851000000
12/31/2015,0,17486000000,NEE,12809000000
12/31/2014,0,17021000000,NEE,12664000000
3/31/2018,0,17282718000,NGL,17229058000
3/31/2017,0,13022228000,NGL,12969605000
3/31/2016,0,11742110000,NGL,11608620000
3/31/2015,0,16802057000,NGL,16650817000
12/31/2017,0,6572000000,NLSN,5261000000
12/31/2016,0,6309000000,NLSN,5061000000
12/31/2015,0,6172000000,NLSN,5028000000
12/31/2014,0,6288000000,NLSN,5110000000
5/31/2018,0,36397000000,NKE,31952000000
5/31/2017,0,34350000000,NKE,29601000000
5/31/2016,0,32376000000,NKE,27874000000
5/31/2015,0,30601000000,NKE,26426000000
12/31/2017,0,543660000,NINE,556203000
12/31/2016,0,282354000,NINE,348104000
12/31/2015,0,478522000,NINE,483597000
12/31/2014,0,425872000,NINE,336070000
12/31/2017,0,4874600000,NI,3958500000
12/31/2016,0,4492500000,NI,3635300000
12/31/2015,0,4651800000,NI,3850300000
12/31/2014,0,5272400000,NI,4480300000
12/31/2017,0,112035000,NL,107743000
12/31/2016,0,108920000,NL,106846000
12/31/2015,0,108994000,NL,107583000
12/31/2014,0,103846000,NL,104376000
12/31/2017,0,0,NOAH,0
12/31/2016,0,2513572000,NOAH,1846283000
12/31/2015,0,2119927000,NOAH,1561151000
12/31/2014,0,1528484.891,NOAH,975382.794
12/31/2017,0,1207026000,NE,1234359000
12/31/2016,0,2242200000,NE,1545397000
12/31/2015,0,3261610000,NE,1923311000
12/31/2014,0,3147860000,NE,2216490000
12/31/2017,0,4060000000,NBL,3842000000
12/31/2016,0,3389000000,NBL,5220000000
12/31/2015,0,3093000000,NBL,4238000000
12/31/2014,0,4945000000,NBL,3263000000
12/31/2017,0,239281000,NBLX,80356000
12/31/2016,0,160724000,NBLX,48087000
12/31/2015,0,87837000,NBLX,26595000
12/31/2014,0,2086000,NBLX,26587000
12/31/2017,4859000000,23147000000,NOK,21804000000
12/31/2016,4935000000,23641000000,NOK,23304000000
12/31/2015,2080000000,12560000000,NOK,10764000000
12/31/2014,1904000000,11762000000,NOK,10305000000
12/31/2017,0,1956600000,NOMD,1680100000
12/31/2016,0,1927700000,NOMD,1659200000
12/31/2015,0,894200000,NOMD,766700000
3/31/2015,0,0,NOMD,700000
3/31/2018,0,1499969000000,NMR,1168811000000
3/31/2017,0,1397197000000,NMR,1080402000000
3/31/2016,0,1388681000000,NMR,1212920000000
3/31/2015,0,1597176000000,NMR,1257417000000
12/31/2017,0,2177000000,OSB,1617000000
12/31/2016,0,1766000000,OSB,1487000000
12/31/2015,0,1509000000,OSB,1479000000
12/31/2014,0,1601000000,OSB,1572000000
12/31/2017,0,17895000,NAO,43963000
12/31/2016,0,17697000,NAO,46240000
12/31/2015,0,36372000,NAO,44743000
12/31/2014,0,52789000,NAO,41527000
12/31/2017,0,297141000,NAT,343372000
12/31/2016,0,357451000,NAT,309438000
12/31/2015,0,445738000,NAT,317645000
12/31/2014,0,351049000,NAT,355824000
2/3/2018,0,0,JWN,0
1/28/2017,0,14757000000,JWN,13755000000
1/30/2016,0,14437000000,JWN,13290000000
1/31/2015,0,13506000000,JWN,12201000000
12/31/2017,0,10551000000,NSC,6965000000
12/31/2016,0,9888000000,NSC,6814000000
12/31/2015,0,10511000000,NSC,7564000000
12/31/2014,0,11624000000,NSC,8049000000
12/31/2017,0,292557000,NOA,277506000
12/31/2016,0,213180000,NOA,208191000
12/31/2015,0,281282000,NOA,276296000
12/31/2014,0,471777000,NOA,451787000
10/31/2017,0,7766.577,NRT,740.129
10/31/2016,0,6965.509,NRT,824.368
10/31/2015,0,12400.014,NRT,819.341
10/31/2014,0,18945.729,NRT,901.15
12/31/2017,0,25803000000,NOC,22504000000
12/31/2016,0,24508000000,NOC,21315000000
12/31/2015,0,23526000000,NOC,20450000000
12/31/2014,0,23979000000,NOC,20783000000
12/31/2017,0,128680000,NRE,144818000
12/31/2016,0,149494000,NRE,152928000
12/31/2015,0,119845000,NRE,219469000
12/31/2014,0,9884000,NRE,43921000
12/31/2017,0,762173000,NWN,622922000
12/31/2016,0,675967000,NWN,536687000
12/31/2015,0,723791000,NWN,599543000
12/31/2014,0,754037000,NWN,611072000
12/31/2017,0,1305652000,NWE,1044237000
12/31/2016,0,1257247000,NWE,1011300000
12/31/2015,0,1214299000,NWE,969283000
12/31/2014,0,1204863000,NWE,1026845000
12/31/2017,0,5396175000,NCLH,4341009000
12/31/2016,0,4874340000,NCLH,3932756000
12/31/2015,0,4345048000,NCLH,3624695000
12/31/2014,0,3125881000,NCLH,2559427000
12/31/2017,8510000000,50135000000,NVS,40883000000
12/31/2016,8445000000,49386000000,NVS,40293000000
12/31/2015,8935000000,50387000000,NVS,41410000000
12/31/2014,9086000000,53634000000,NVS,42545000000
12/31/2017,13819000000,111696000000,NVO,62534000000
12/31/2016,14147000000,111780000000,NVO,62932000000
12/31/2015,13608000000,107927000000,NVO,61308000000
12/31/2014,13762000000,88806000000,NVO,54314000000
12/31/2017,0,2648000000,DNOW,2689000000
12/31/2016,0,2107000000,DNOW,2329000000
12/31/2015,0,3010000000,DNOW,3127000000
12/31/2014,0,4105000000,DNOW,3924000000
12/31/2017,0,0,NRG,9479000000
12/31/2016,89000000,10512000000,NRG,9464000000
12/31/2015,154000000,12328000000,NRG,11540000000
12/31/2014,88000000,15868000000,NRG,14435000000
12/31/2017,0,0,NYLD,0
12/31/2016,0,1021000000,NYLD,619000000
12/31/2015,0,953000000,NYLD,630000000
12/31/2014,0,828000000,NYLD,518000000
12/31/2017,0,2279099000,NUS,2004616000
12/31/2016,0,2207797000,NUS,1945293000
12/31/2015,0,2247047000,NUS,2002345000
12/31/2014,0,2569495000,NUS,2217307000
12/31/2017,0,20252393000,NUE,18370517000
12/31/2016,0,16208122000,NUE,14745276000
12/31/2015,0,16439276000,NUE,15784375000
12/31/2014,0,21105141000,NUE,19767809000
12/31/2017,0,1814019000,NS,1467350000
12/31/2016,0,1756682000,NS,1397573000
12/31/2015,0,2084040000,NS,1693336000
12/31/2014,0,3075118000,NS,2728217000
12/31/2017,0,4010000000,NTR,3417000000
12/31/2016,0,3921000000,NTR,3402000000
12/31/2015,0,5791000000,NTR,4116000000
12/31/2014,0,6506000000,NTR,4377000000
10/31/2017,0,236237.886,NVG,43043.74
10/31/2016,0,141181.015,NVG,26015.06
10/31/2015,0,27107.9,NVG,4464.147
10/31/2014,0,28368.108,NVG,4486.234
10/31/2017,0,262461.923,NEA,48356.955
10/31/2016,0,102018.248,NEA,20467.143
10/31/2015,0,77960.314,NEA,14779.252
10/31/2014,0,80088.327,NEA,14793.5
2/28/2018,0,10758.721,NAZ,1813.315
2/28/2017,0,11143.233,NAZ,1795.854
2/29/2016,0,11318.436,NAZ,1736.822
2/28/2015,0,11759.596,NAZ,1795.703
2/28/2018,0,50996.398,NKX,11293.043
2/28/2017,0,50317.139,NKX,11245.441
2/29/2016,0,50437.367,NKX,10300.635
2/28/2015,0,50792.129,NKX,10295.4
2/28/2018,0,2648.829,NCB,413.325
2/28/2017,0,2955.87,NCB,418.633
2/29/2016,0,3127.251,NCB,419.92
2/28/2015,0,3179.437,NCB,426.006
5/31/2018,0,11775.069,NTC,2111.8
5/31/2017,0,12627.465,NTC,2223.089
5/31/2016,0,13257.942,NTC,2242.141
5/31/2015,0,13792.578,NTC,2325.164
12/31/2017,0,15141.815,JDD,3552.341
12/31/2016,0,14215.639,JDD,3549.442
12/31/2015,0,14123.932,JDD,3805.03
12/31/2014,0,14429.035,JDD,3827.698
12/31/2017,0,15201.955,DIAX,5890.147
12/31/2016,0,15109.432,DIAX,5320.859
12/31/2015,0,14474.941,DIAX,5478.056
12/31/2014,0,4597.536,DIAX,2143.992
5/31/2017,0,8891.021,NKG,1580.629
5/31/2016,0,9575.46,NKG,1558.334
5/31/2015,0,9487.099,NKG,1612.777
5/31/2014,0,10045.431,NKG,1609.859
5/31/2018,0,20791.245,NMY,3506.065
5/31/2017,0,21251.019,NMY,3554.04
5/31/2016,0,21145.294,NMY,3462.236
5/31/2015,0,21676.577,NMY,3595.307
5/31/2018,0,8368.412,NMT,1526.079
5/31/2017,0,8620.356,NMT,1502.336
5/31/2016,0,8736.496,NMT,1458.791
5/31/2015,0,8932.777,NMT,1509.434
2/28/2018,0,19313.05,NUM,3234.112
2/28/2017,0,20482.213,NUM,3289.981
2/29/2016,0,20677.675,NUM,3240.463
2/28/2015,0,21658.007,NUM,3368.223
5/31/2018,0,2148.236,NOM,433.318
5/31/2017,0,2277.956,NOM,421.088
5/31/2016,0,2327.888,NOM,410.458
5/31/2015,0,2369.167,NOM,450.783
10/31/2017,0,170941.416,NZF,30307.523
10/31/2016,0,109216.323,NZF,19755.262
10/31/2015,0,38462.866,NZF,5843.782
10/31/2014,0,38996.941,NZF,6055.606
10/31/2017,0,60754.774,NMZ,8373.087
10/31/2016,0,56951.628,NMZ,7874.852
10/31/2015,0,54182.804,NMZ,7384.613
10/31/2014,0,54851.453,NMZ,7111.107
2/28/2018,0,1132.13,NJV,228.549
2/28/2017,0,1143.676,NJV,222.204
4/30/2016,0,1193.022,NJV,212.772
4/30/2015,0,1187.127,NJV,213.964
2/28/2018,0,42187.872,NXJ,6563.07
2/28/2017,0,42706.285,NXJ,8994.655
4/30/2016,0,44216.19,NXJ,9799.78
4/30/2015,0,23660.099,NXJ,5841.142
2/28/2018,0,80863.015,NRK,18664.709
2/28/2017,0,82503.946,NRK,18614.35
9/30/2016,0,80760.795,NRK,17040.285
9/30/2015,0,81124.745,NRK,16372.339
2/28/2018,0,1558.66,NYV,274.702
2/28/2017,0,1721.378,NYV,307.529
9/30/2016,0,2182.021,NYV,285.785
9/30/2015,0,1857.759,NYV,281.356
2/28/2018,0,30513.943,NAN,5711.911
2/28/2017,0,31207.274,NAN,5760.036
9/30/2016,0,31546.367,NAN,5677.96
9/30/2015,0,15723.051,NAN,2838.745
5/31/2018,0,13931.255,NNC,2589.135
5/31/2017,0,14057.602,NNC,2610.937
5/31/2016,0,13744.371,NNC,2487.404
5/31/2015,0,13852.569,NNC,2540.91
2/28/2018,0,18530.824,NUO,3191.728
2/28/2017,0,19429.716,NUO,4307.209
2/29/2016,0,19901.865,NUO,4724.537
2/28/2015,0,20710.63,NUO,4763.931
2/28/2018,0,860.401,NPN,184.556
2/28/2017,0,930.158,NPN,181.091
4/30/2016,0,996.525,NPN,168.589
4/30/2015,0,983.57,NPN,167.866
2/28/2018,0,37679.392,NQP,5691.817
2/28/2017,0,38152.979,NQP,7345.159
4/30/2016,0,39246.239,NQP,7888.685
4/30/2015,0,40294.101,NQP,8144.368
10/31/2017,0,207837.126,NAD,35158.238
10/31/2016,0,63824.421,NAD,10606.588
10/31/2015,0,41533.459,NAD,5718.189
10/31/2014,0,44296.283,NAD,5745.198
12/31/2017,0,18757.99,JRS,4428.149
12/31/2016,0,17499.852,JRS,4470.005
12/31/2015,0,17057.3,JRS,4683.843
12/31/2014,0,16396.6,JRS,4264.218
12/31/2017,0,29457.51,BXMX,13248.327
12/31/2016,0,30976.687,BXMX,12680.388
12/31/2015,0,30349.91,BXMX,12840.434
12/31/2014,0,12373.622,BXMX,5669.11
12/31/2017,0,5367.561,SPXX,2355.708
12/31/2016,0,5467.666,SPXX,2190.195
12/31/2015,0,5515.55,SPXX,2264.454
12/31/2014,0,5552.407,SPXX,2435.216
12/31/2017,0,12750.157,JTD,3625.267
12/31/2016,0,12524.704,JTD,3452.419
12/31/2015,0,12526.199,JTD,3733.679
12/31/2014,0,14434.21,JTD,3786.536
12/31/2017,0,10908.548,JTA,2581.135
12/31/2016,0,9830.982,JTA,2454.066
12/31/2015,0,10238.506,JTA,2742.874
12/31/2014,0,10525.49,JTA,2825.827
2/28/2018,0,9071.646,NTX,1584.483
2/28/2017,0,9261.957,NTX,1611.778
2/29/2016,0,9361.942,NTX,1566.797
2/28/2015,0,9841.415,NTX,1653.207
5/31/2018,0,15392.932,NPV,2712.697
5/31/2017,0,15438.236,NPV,3525.09
5/31/2016,0,16121.352,NPV,4002.22
5/31/2015,0,17208.712,NPV,4136.353
12/31/2017,0,0,NVT,0
12/31/2016,0,0,NVT,0
12/31/2015,0,0,NVT,0
12/31/2017,0,6320226000,NVR,5450278000
12/31/2016,0,5832933000,NVR,5150615000
12/31/2015,0,5168449000,NVR,4542319000
12/31/2014,0,4452361000,NVR,3976224000
12/31/2017,0,1469767000,OAK,1030143000
12/31/2016,0,1125746000,OAK,794236000
12/31/2015,0,201905000,OAK,939708000
12/31/2014,0,193894000,OAK,945777000
12/31/2017,0,182216000,OMP,79853000
12/31/2016,0,120852000,OMP,49912000
12/31/2015,0,104696000,OMP,44528000
12/31/2017,0,1248424000,OAS,1089754000
12/31/2016,0,648100000,OAS,879047000
12/31/2015,0,720151000,OAS,610644000
12/31/2014,0,1262580000,OAS,476916000
12/31/2017,0,407000000,OBE,540000000
12/31/2016,0,586000000,OBE,1220000000
12/31/2015,0,1059000000,OBE,2964000000
12/31/2014,0,2059000000,OBE,2125000000
12/31/2017,0,12508000000,OXY,11814000000
12/31/2016,0,10090000000,OXY,11696000000
12/31/2015,0,12480000000,OXY,17021000000
12/31/2014,0,19312000000,OXY,14915000000
12/31/2017,0,1921507000,OII,1910851000
12/31/2016,0,2271603000,OII,2191939000
12/31/2015,0,3062754000,OII,2654244000
12/31/2014,0,3659624000,OII,3031294000
12/31/2017,0,858337000,OZM,588620000
12/31/2016,0,770364000,OZM,1058014000
12/31/2015,0,1322981000,OZM,614665000
12/31/2014,0,1542284000,OZM,625512000
12/31/2017,0,1194576000,OCN,995211000
12/31/2016,0,1387163000,OCN,1169941000
12/31/2015,0,1741098000,OCN,1460843000
12/31/2014,0,2111325000,OCN,1471543000
12/31/2017,0,269800000,OFG,191774000
12/31/2016,0,313170000,OFG,196599000
12/31/2015,0,228447000,OFG,208392000
12/31/2014,0,365158000,OFG,208770000
12/31/2017,0,2261100000,OGE,1750800000
12/31/2016,0,2259200000,OGE,1755900000
12/31/2015,0,2196900000,OGE,1715700000
12/31/2014,0,2453100000,OGE,1916300000
12/31/2017,0,670627000,OIS,740599000
12/31/2016,0,694444000,OIS,768427000
12/31/2015,0,1099977000,OIS,1048671000
12/31/2014,0,1819609000,OIS,1497954000
7/31/2017,0,262307000,ODC,247077000
7/31/2016,0,262313000,ODC,246900000
7/31/2015,0,261402000,ODC,246249000
7/31/2014,0,266313000,ODC,253895000
12/31/2017,0,6051300000,ORI,5474500000
12/31/2016,0,5900500000,ORI,5164200000
12/31/2015,0,5765900000,ORI,5092200000
12/31/2014,0,5530700000,ORI,4895400000
12/31/2017,0,6268400000,OLN,5890300000
12/31/2016,0,5550600000,OLN,5246600000
12/31/2015,0,2854400000,OLN,2660200000
12/31/2014,0,2241200000,OLN,2019000000
12/31/2017,0,908385000,OHI,548053000
12/31/2016,0,900827000,OHI,322774000
12/31/2015,0,743617000,OHI,259367000
12/31/2014,0,504787000,OHI,155816000
12/31/2017,0,15273600000,OMC,13213900000
12/31/2016,0,15416900000,OMC,13408000000
12/31/2015,0,15134400000,OMC,13214300000
12/31/2014,0,15317800000,OMC,13373700000
11/30/2017,0,783100000,OMN,727100000
11/30/2016,0,759900000,OMN,701800000
11/30/2015,0,838000000,OMN,794600000
11/30/2014,0,987400000,OMN,943600000
12/31/2017,0,197260000,ONDK,211605000
12/31/2016,0,140940000,ONDK,225322000
12/31/2015,0,179598000,ONDK,181829000
12/31/2014,0,90234000,ONDK,97710000
12/31/2017,0,1539633000,OGS,1240157000
12/31/2016,0,1427232000,OGS,1158112000
12/31/2015,0,1547692000,OGS,1308563000
12/31/2014,0,1818906000,OGS,1593612000
12/31/2017,0,76742000,OLP,43797000
12/31/2016,0,71587000,OLP,38889000
12/31/2015,0,63063000,OLP,29998000
12/31/2014,0,59439000,OLP,27569000
12/31/2017,0,0,OMAD,0
12/31/2017,0,2014000000,OMF,1485000000
12/31/2016,0,2108000000,OMF,1631000000
12/31/2015,0,761000000,OMF,925000000
12/31/2014,0,1628000000,OMF,701000000
12/31/2017,0,12173907000,OKE,10777966000
12/31/2016,0,8920934000,OKE,7644893000
12/31/2015,0,7763206000,OKE,6689003000
12/31/2014,0,12195091000,OKE,11058119000
8/31/2017,0,2057557000,ONE,1752819000
8/31/2016,0,1528619000,ONE,1256337000
8/31/2015,0,1089198000,ONE,1026142000
1/31/2018,0,0,OOMA,128414000
1/31/2017,24239000,104524000,OOMA,117800000
1/31/2016,18502000,88775000,OOMA,101462000
1/31/2015,12290000,72201000,OOMA,77272000
12/31/2017,0,891972000,OPY,860457000
12/31/2016,0,838329000,OPY,847274000
12/31/2015,0,881472000,OPY,871192000
12/31/2014,0,964179000,OPY,930946000
5/31/2018,6091000000,39831000000,ORCL,25512000000
5/31/2017,6159000000,37728000000,ORCL,24452000000
5/31/2016,5787000000,37047000000,ORCL,23943000000
5/31/2015,5524000000,38226000000,ORCL,23937000000
12/31/2017,0,41096000000,ORAN,35490000000
12/31/2016,0,40918000000,ORAN,35401000000
12/31/2015,0,40236000000,ORAN,34924000000
12/31/2014,0,39445000000,ORAN,33878000000
12/31/2017,0,13173000,ORC,11166000
12/31/2016,0,11072000,ORC,9093000
12/31/2015,0,8965000,ORC,7894000
12/31/2014,0,29007000,ORC,4488000
12/31/2017,16074000,1177210000,OEC,1045073000
12/31/2016,14530000,1030094000,OEC,889462000
12/31/2015,13404000,1111776000,OEC,976996000
12/31/2014,12953000,1318399000,OEC,1187827000
12/31/2017,0,578553000,ORN,577689000
12/31/2016,0,578236000,ORN,575741000
12/31/2015,0,466498000,ORN,474031000
12/31/2014,0,385818000,ORN,375915000
3/31/2018,0,2862246000000,IX,2446980000000
3/31/2017,0,2678596000000,IX,2256371000000
3/31/2016,0,2368594000000,IX,1993343000000
3/31/2015,0,2172933000000,IX,1771044000000
12/31/2017,3157000,692812000,ORA,485282000
12/31/2016,2762000,662591000,ORA,449709000
12/31/2015,1780000,594644000,ORA,430583000
12/31/2014,783000,559524000,ORA,416034000
9/30/2017,0,6829600000,OSK,6321400000
9/30/2016,0,6279200000,OSK,5887400000
9/30/2015,0,6098100000,OSK,5699500000
9/30/2014,0,6808200000,OSK,6304900000
12/31/2017,0,213216000,OR,189926000
12/31/2016,0,62677000,OR,35859000
12/31/2015,0,45415000,OR,26974000
12/31/2014,0,17179000,OR,17445000
12/31/2017,0,1520500000,OUT,1285200000
12/31/2016,0,1513900000,OUT,1303300000
12/31/2015,0,1513800000,OUT,1315300000
12/31/2014,0,1353800000,OUT,1153000000
12/31/2017,0,390426000,OSG,343134000
12/31/2016,0,462420000,OSG,380074000
12/31/2015,0,466872000,OSG,386259000
12/31/2014,0,440417000,OSG,372185000
12/31/2017,0,9318275000,OMI,9168317000
12/31/2016,0,9723431000,OMI,9499157000
12/31/2015,0,9772946000,OMI,9545683000
12/31/2014,0,9440182000,OMI,9243138000
12/31/2017,85000000,6384000000,OC,5603000000
12/31/2016,82000000,5677000000,OC,4927000000
12/31/2015,73000000,5350000000,OC,4806000000
12/31/2014,76000000,5260000000,OC,4831000000
12/31/2017,60000000,6869000000,OI,6326000000
12/31/2016,65000000,6702000000,OI,6076000000
12/31/2015,64000000,6156000000,OI,5583000000
12/31/2014,63000000,6784000000,OI,6114000000
2/3/2018,0,1086211000,OXM,997283000
1/28/2017,0,1022588000,OXM,926921000
1/30/2016,0,969290000,OXM,871776000
1/31/2015,0,920325000,OXM,827231000
12/31/2017,0,6430000,ROYT,933000
12/31/2016,0,-208000,ROYT,660000
12/31/2015,0,10809000,ROYT,800000
12/31/2014,0,54967000,ROYT,880000
12/31/2017,0,17135000000,PCG,14119000000
12/31/2016,0,17666000000,PCG,15257000000
12/31/2015,0,16833000000,PCG,15374000000
12/31/2014,0,17090000000,PCG,14640000000
12/31/2017,0,6444900000,PKG,5473500000
12/31/2016,0,5779000000,PKG,4967600000
12/31/2015,0,5741700000,PKG,4969600000
12/31/2014,0,5852600000,PKG,5036900000
12/31/2017,0,1696185000,PAGS,1735288000
12/31/2016,0,740619000,PAGS,914725000
12/31/2015,0,444714000,PAGS,604909000
12/31/2014,0,208288000,PAGS,275259000
7/31/2018,400700000,2273100000,PANW,2363000000
7/31/2017,347400000,1761600000,PANW,1920500000
7/31/2016,284200000,1378500000,PANW,1535800000
7/31/2015,185800000,928100000,PANW,1027900000
12/31/2017,0,50347000000,PAM,40999000000
12/31/2016,0,25110000000,PAM,22588000000
12/31/2015,0,7106000000,PAM,3501000000
12/31/2014,0,6101000000,PAM,5233000000
12/31/2017,154325000,1466812000,P,1804645000
12/31/2016,140707000,1384826000,P,1703585000
12/31/2015,84135000,1164043000,P,1276134000
12/31/2014,53153000,920802000,P,950930000
9/30/2017,0,43536.81,PHX,37934.909
9/30/2016,0,38075.506,PHX,57305.008
9/30/2015,0,54842.007,PHX,39819.552
9/30/2014,0,80575.738,PHX,44177.556
12/31/2017,0,0,PARR,0
12/31/2016,0,1865045000,PARR,1876245000
12/31/2015,0,2066337000,PARR,1993178000
12/31/2014,0,3108025000,PARR,3131546000
12/31/2017,13814000,232605000,PAR,232726000
12/31/2016,11581000,229653000,PAR,226940000
12/31/2015,10067000,229003000,PAR,222374000
12/31/2014,8947000,217863000,PAR,214284000
12/31/2017,0,731609000,PGRE,588935000
12/31/2016,0,674952000,PGRE,553116000
12/31/2015,0,668387000,PGRE,577248000
12/31/2014,0,298238000,PGRE,139226000
2/25/2018,0,111196000,PKE,104108000
2/26/2017,0,114609000,PKE,104307000
2/28/2016,0,145855000,PKE,124314000
3/1/2015,0,162086000,PKE,137506000
12/31/2017,0,2831000000,PK,2392000000
12/31/2016,0,2747000000,PK,2294000000
12/31/2015,0,2710000000,PK,2219000000
12/31/2014,0,2529000000,PK,2073000000
12/31/2017,0,442520000,PKD,503536000
12/31/2016,0,427004000,PKD,535748000
12/31/2015,0,712183000,PKD,718674000
12/31/2014,0,968684000,PKD,849518000
6/30/2018,0,14302392000,PH,12338231000
6/30/2017,0,12029312000,PH,10587284000
6/30/2016,0,11360753000,PH,10085496000
6/30/2015,0,12711744000,PH,11167684000
12/31/2017,0,967044000,PE,756461000
12/31/2016,0,457773000,PE,476380000
12/31/2015,0,266474000,PE,274954000
12/31/2014,0,302429000,PE,107960000
12/31/2017,0,2371569000,PRTY,2082958000
12/31/2016,0,2283391000,PRTY,2009307000
12/31/2015,0,2294533000,PRTY,2022314000
12/31/2014,0,2271257000,PRTY,2022215000
12/31/2017,30430000,433047000,PAYC,354422000
12/31/2016,20966000,329141000,PAYC,271170000
12/31/2015,8627000,224653000,PAYC,190218000
12/31/2014,4325000,150929000,PAYC,135229000
12/31/2017,0,21786637000,PBF,21349472000
12/31/2016,0,15920424000,PBF,15914005000
12/31/2015,0,13123929000,PBF,12331763000
12/31/2014,0,19828155000,PBF,18962768000
12/31/2017,0,254813000,PBFX,106598000
12/31/2016,0,187335000,PBFX,71758000
12/31/2015,0,142102000,PBFX,44896000
12/31/2014,0,59403000,PBFX,37789000
12/31/2017,0,5578800000,BTU,4871500000
12/31/2016,0,4726200000,BTU,4757600000
12/31/2015,0,5566400000,BTU,5759000000
12/31/2014,0,6733800000,BTU,6606700000
12/31/2017,0,4513000000,PSO,4186000000
12/31/2016,0,4552000000,PSO,4233000000
12/31/2015,0,4468000000,PSO,4036000000
12/31/2014,0,4540000000,PSO,4081000000
12/31/2017,0,769317000,PEB,642814000
12/31/2016,0,814201000,PEB,664956000
12/31/2015,0,777077000,PEB,642129000
12/31/2014,0,608969000,PEB,507511000
12/31/2017,0,5408000000,PBA,4306000000
12/31/2016,0,4265000000,PBA,3458000000
12/31/2015,0,4635000000,PBA,3950000000
12/31/2014,0,6069000000,PBA,5361000000
12/31/2017,0,377045000,PEI,302071000
12/31/2016,0,411965000,PEI,313596000
12/31/2015,0,431409000,PEI,349824000
12/31/2014,0,439122000,PEI,361036000
12/31/2017,0,1195667000,PFSI,885845000
12/31/2016,0,1231693000,PFSI,788674000
12/31/2015,0,867934000,PFSI,549609000
12/31/2014,0,559779000,PFSI,331568000
12/31/2017,0,351321000,PMT,220899000
12/31/2016,0,311009000,PMT,246518000
12/31/2015,0,292426000,PMT,215893000
12/31/2014,0,408134000,PMT,223532000
12/31/2017,0,21386900000,PAG,20775500000
12/31/2016,0,20118500000,PAG,19543600000
12/31/2015,0,19284900000,PAG,18718400000
12/31/2014,0,17232000000,PAG,16731600000
12/31/2017,115800000,4936500000,PNR,4255700000
12/31/2016,114100000,4890000000,PNR,4151500000
12/31/2015,98700000,4616400000,PNR,3923300000
12/31/2014,96400000,4666800000,PNR,4088800000
12/31/2017,31661000,333764000,PEN,332599000
12/31/2016,23875000,263317000,PEN,264667000
12/31/2015,18027000,186095000,PEN,181916000
12/31/2014,15575000,125510000,PEN,122501000
6/30/2018,0,17619900000,PFGC,17366400000
7/1/2017,0,16761800000,PFGC,16545600000
7/2/2016,0,16104800000,PFGC,15902600000
6/27/2015,0,15270000000,PFGC,15109900000
12/31/2017,139404000,2256982000,PKI,1903838000
1/1/2017,124278000,2115517000,PKI,1809548000
1/3/2016,112539000,2104823000,PKI,1831556000
12/28/2014,108057000,2069880000,PKI,1888784000
12/31/2017,0,30572.202,PBT,1246.786
12/31/2016,0,21090.551,PBT,1741.716
12/31/2015,0,17795.565,PBT,1745.863
12/31/2014,0,49010.911,PBT,1293.418
12/31/2017,0,0,PRGO,0
12/31/2016,184000000,5280600000,PRGO,4618300000
12/31/2015,186200000,5014600000,PRGO,4279300000
6/27/2015,187800000,4227100000,PRGO,3497300000
3/31/2018,0,2819000000,PRSP,2504000000
3/31/2017,0,2575200000,PRSP,2328000000
10/31/2016,0,2732000000,PRSP,2518000000
10/31/2015,0,2585000000,PRSP,2557000000
12/31/2017,0,2015890000000,PTR,1934182000000
12/31/2016,0,1616903000000,PTR,1573011000000
12/31/2015,0,1725428000000,PTR,1641047000000
12/31/2014,0,2282962000000,PTR,2109444000000
12/31/2017,1831000000,283695000000,PBR,245518000000
12/31/2016,1826000000,282589000000,PBR,235061000000
12/31/2015,2024000000,301826000000,PBR,275745000000
12/31/2014,2589000000,337260000000,PBR,310709000000
12/31/2017,7619000000,52546000000,PFE,37452000000
12/31/2016,7838000000,52824000000,PFE,38567000000
12/31/2015,7646000000,48851000000,PFE,35060000000
12/31/2014,7150000000,49605000000,PFE,33942000000
12/30/2017,0,511081000,PGTI,448800000
12/31/2016,0,458550000,PGTI,399647000
1/2/2016,0,389810000,PGTI,338868000
1/3/2015,0,306388000,PGTI,268273000
12/31/2017,0,455000000,PHH,608000000
12/31/2016,0,622000000,PHH,826000000
12/31/2015,0,790000000,PHH,889000000
12/31/2014,0,959000000,PHH,1221000000
12/31/2017,0,28748000000,PM,17245000000
12/31/2016,0,26685000000,PM,15870000000
12/31/2015,0,26794000000,PM,16103000000
12/31/2014,0,29767000000,PM,17530000000
12/31/2017,0,89340000000,PSX,87524000000
12/31/2016,0,70925000000,PSX,69848000000
12/31/2015,0,85228000000,PSX,80701000000
12/31/2014,0,146514000000,PSX,143108000000
12/31/2017,0,934000000,PSXP,539000000
12/31/2016,0,758000000,PSXP,410000000
12/31/2015,0,612000000,PSXP,353000000
12/31/2014,0,555000000,PSXP,303000000
12/31/2017,192325000,1575092000,FENG,1560109000
12/31/2016,161880000,1444907000,FENG,1385735000
12/31/2015,170714000,1609196000,FENG,1530222000
12/31/2014,149996000,1637860000,FENG,1400223000
12/31/2017,0,343917000,DOC,243751000
12/31/2016,0,240069000,DOC,170985000
12/31/2015,0,129379000,DOC,91405000
12/31/2014,0,53268000,DOC,36525000
12/31/2017,0,578018000,PDM,446415000
12/31/2016,0,556077000,PDM,451030000
12/31/2015,0,585322000,PDM,467757000
12/31/2014,0,566071000,PDM,455731000
3/3/2018,0,1798522000,PIR,1764253000
2/25/2017,0,1828446000,PIR,1760650000
2/27/2016,0,1892230000,PIR,1817022000
2/28/2015,0,1884557000,PIR,1757286000
7/31/2017,0,99003000,PTY,8533000
7/31/2016,0,100599000,PTY,8002000
7/31/2015,0,80953.5,PTY,9228000
11/30/2014,0,89823000,PTY,9868000
7/31/2017,0,50447000,PCN,5366000
7/31/2016,0,53831000,PCN,5460000
7/31/2015,0,43851.989,PCN,6291.998
10/31/2014,0,44516000,PCN,6543000
6/30/2018,0,14547000,PGP,1765000
6/30/2017,0,15793000,PGP,2076000
6/30/2016,0,15262000,PGP,2088000
6/30/2015,0,17444000,PGP,2360000
7/31/2017,0,96262000,PHK,7662000
7/31/2016,0,102810000,PHK,8043000
7/31/2015,0,89073000,PHK,10041000
3/31/2015,0,129498000,PHK,10369000
6/30/2018,0,38866000,RCS,3149000
6/30/2017,0,34472000,RCS,3204000
6/30/2016,0,36309000,RCS,3297000
6/30/2015,0,34262.4,RCS,3386.4
12/31/2017,0,0,PF,2582385000
12/25/2016,17913000,3127938000,PF,2577630000
12/27/2015,12992000,2655792000,PF,2213344000
12/28/2014,11281000,2591183000,PF,2210557000
12/31/2017,0,3565296000,PNW,2630869000
12/31/2016,0,3498682000,PNW,2654698000
12/31/2015,0,3495443000,PNW,2640841000
12/31/2014,0,3491632000,PNW,2680390000
12/31/2017,0,446455000,PES,499391000
12/31/2016,0,277076000,PES,379601000
12/31/2015,0,540778000,PES,582670000
12/31/2014,0,1055223000,PES,974029000
12/31/2017,0,5294000000,PXD,4794000000
12/31/2016,0,3509000000,PXD,4270000000
12/31/2015,0,2878000000,PXD,2828000000
12/31/2014,0,4325000000,PXD,2594000000
12/31/2017,0,874923000,PJC,785956000
12/31/2016,0,747349000,PJC,684256000
12/31/2015,0,672918000,PJC,566043000
12/31/2014,0,648138000,PJC,537027000
12/31/2017,129767000,3549948000,PBI,3081175000
12/31/2016,121306000,3406575000,PBI,2836311000
12/31/2015,110156000,3578060000,PBI,2938708000
12/31/2014,109931000,3821504000,PBI,3169122000
2/2/2018,160947000,509436000,PVTL,677732000
2/3/2017,152122000,416267000,PVTL,642787000
1/29/2016,120493000,280874000,PVTL,553596000
12/31/2017,0,499282000,PJT,489228000
12/31/2016,0,499230000,PJT,490530000
12/31/2015,0,406138000,PJT,408394000
12/31/2014,0,401069000,PJT,373731000
12/31/2017,0,26223000000,PAA,25070000000
12/31/2016,0,20182000000,PAA,19039000000
12/31/2015,0,23152000000,PAA,21773000000
12/31/2014,0,43464000000,PAA,41366000000
12/31/2017,0,26223000000,PAGP,24918000000
12/31/2016,0,20182000000,PAGP,19046000000
12/31/2015,0,23152000000,PAGP,21894000000
12/31/2014,0,43464000000,PAGP,41663000000
12/31/2017,0,429942000,PLNT,282406000
12/31/2016,0,378241000,PLNT,263948000
12/31/2015,0,330537000,PLNT,258435000
12/31/2014,0,279777000,PLNT,216945000
3/31/2018,84193000,856903000,PLT,729571000
3/31/2017,88318000,881176000,PLT,751954000
3/31/2016,90408000,856907000,PLT,733940000
3/31/2015,91627000,865010000,PLT,724587000
12/31/2017,98400000,3775900000,PAH,3343500000
12/31/2016,84400000,3585900000,PAH,3204600000
12/31/2015,62800000,2542300000,PAH,2239700000
12/31/2014,26200000,843200000,PAH,718300000
12/31/2017,25715000,211955000,AGS,192968000
12/31/2016,21346000,166806000,AGS,180608000
12/31/2015,14376000,123292000,AGS,140965000
12/31/2014,4856000,72140000,AGS,73493000
12/31/2017,0,159926000000,PHI,144755000000
12/31/2016,0,165262000000,PHI,139066000000
12/31/2015,0,171103000000,PHI,131716000000
12/31/2014,0,170835000000,PHI,126371000000
12/31/2017,0,15888000000,PNC,10398000000
12/31/2016,0,14729000000,PNC,9476000000
12/31/2015,0,14970000000,PNC,9463000000
12/31/2014,0,15102000000,PNC,9488000000
12/31/2017,0,1445003000,PNM,1138518000
12/31/2016,0,1362951000,PNM,1084966000
12/31/2015,0,1439082000,PNM,1314732000
12/31/2014,0,1435853000,PNM,1136156000
12/31/2017,238299000,5504783000,PII,5061326000
12/31/2016,185126000,4595087000,PII,4235809000
12/31/2015,166460000,4788593000,PII,4072454000
12/31/2014,148458000,4541315000,PII,3826625000
12/31/2017,0,3229900000,POL,2946700000
12/31/2016,0,2938600000,POL,2650100000
12/31/2015,0,2928800000,POL,2665400000
12/31/2014,0,3835500000,POL,3579700000
12/31/2017,0,2009000000,POR,1633000000
12/31/2016,0,1923000000,POR,1590000000
12/31/2015,0,1898000000,POR,1589000000
12/31/2014,0,1900000000,POR,1607000000
12/31/2017,0,60655100000000,PKX,56089785000000
12/31/2016,0,53083513000000,PKX,50242478000000
12/31/2015,0,58192345000000,PKX,55782302000000
12/31/2014,0,64758625000000,PKX,62198964000000
9/30/2017,0,5225800000,POST,4604100000
9/30/2016,0,5026800000,POST,4434300000
9/30/2015,0,4648200000,POST,4311100000
9/30/2014,0,2411100000,POST,2279000000
12/31/2017,0,3942821000,PPDF,2398063000
12/31/2016,0,1268654000,PPDF,1013614000
12/31/2015,0,201760000,PPDF,346676000
12/31/2017,453000000,14748000000,PPG,12684000000
12/31/2016,459000000,14270000000,PPG,12180000000
12/31/2015,466000000,14241000000,PPG,12282000000
12/31/2014,483000000,14791000000,PPG,12977000000
12/31/2017,0,7447000000,PPL,4379000000
12/31/2016,0,7517000000,PPL,4469000000
12/31/2015,0,7669000000,PPL,4833000000
12/31/2014,0,7852000000,PPL,4982000000
12/31/2017,0,1472101000,PQG,1286928000
12/31/2016,0,1064177000,PQG,925599000
12/31/2015,0,388875000,PQG,320801000
12/31/2014,0,397362000,PQG,349967000
12/31/2017,93000000,11437000000,PX,8935000000
12/31/2016,92000000,10534000000,PX,8211000000
12/31/2015,93000000,10776000000,PX,8314000000
12/31/2014,96000000,12273000000,PX,9558000000
12/31/2017,0,1321224000,PDS,1393989000
12/31/2016,0,1003233000,PDS,1161063000
12/31/2015,0,1555624000,PDS,1714257000
12/31/2014,0,2350538000,PDS,2125536000
12/31/2017,0,294004.615,APTS,234616.558
12/31/2016,0,200118.915,APTS,169949.691
12/31/2015,0,109305.512,APTS,90415.77
12/31/2014,0,56536.37,APTS,44220.98
3/31/2018,0,1041179000,PBH,718489000
3/31/2017,0,882060000,PBH,603427000
3/31/2016,0,806247000,PBH,540732000
3/31/2015,0,714623000,PBH,490964000
12/31/2017,0,177933000,PVG,142916000
12/31/2016,0,0,PVG,12160000
12/31/2015,0,0,PVG,14181000
12/31/2014,0,0,PVG,7629000
12/31/2017,0,1689102000,PRI,1281094000
12/31/2016,0,1537964000,PRI,1152798000
12/31/2015,0,1417247000,PRI,1079711000
12/31/2014,0,1340578000,PRI,1022604000
12/31/2017,0,866149000,PRA,720682000
12/31/2016,0,870214000,PRA,677981000
12/31/2015,0,772079000,PRA,628628000
12/31/2014,0,852326000,PRA,574037000
6/30/2018,0,66832000000,PG,52051000000
6/30/2017,0,65058000000,PG,50373000000
6/30/2016,0,65299000000,PG,51845000000
6/30/2015,0,70749000000,PG,57672000000
12/31/2017,0,26816100000,PGR,24523100000
12/31/2016,0,23417400000,PGR,21807400000
12/31/2015,0,20831900000,PGR,18783400000
12/31/2014,0,19377300000,PGR,17348200000
12/31/2017,0,2866701000,PLD,1847068000
12/31/2016,0,2739442000,PLD,1864757000
12/31/2015,0,2356336000,PLD,1792202000
12/31/2014,0,1895075000,PLD,1440979000
12/31/2017,0,981865000,PUMP,910261000
12/31/2016,0,436920000,PUMP,474295000
12/31/2015,0,569618000,PUMP,560842000
12/31/2017,56021000,168816000,PRO,233039000
12/31/2016,52804000,153276000,PRO,218674000
12/31/2015,46780000,168246000,PRO,220853000
12/31/2014,43174000,185829000,PRO,201177000
6/30/2017,0,701046000,PBY,231216000
6/30/2016,0,791973000,PBY,250831000
6/30/2015,0,791084000,PBY,255172000
6/30/2014,0,712291000,PBY,229165000
12/31/2017,0,719171000,PB,288577000
12/31/2016,0,727045000,PB,295938000
12/31/2015,0,743731000,PB,288948000
12/31/2014,0,773711000,PB,301986000
12/31/2017,23560000,344490000,PRLB,272264000
12/31/2016,22388000,298055000,PRLB,234888000
12/31/2015,18350000,264106000,PRLB,196957000
12/31/2014,16607000,209583000,PRLB,149055000
12/31/2017,0,328299000,PFS,181265000
12/31/2016,0,308560000,PFS,175500000
12/31/2015,0,300752000,PFS,171074000
12/31/2014,0,274921000,PFS,160172000
12/31/2017,0,61158000000,PRU,53198000000
12/31/2016,0,60257000000,PRU,53072000000
12/31/2015,0,58378000000,PRU,49346000000
12/31/2014,0,59062000000,PRU,52310000000
12/31/2017,0,86562000000,PUK,82697000000
12/31/2016,0,71842000000,PUK,68214000000
12/31/2015,0,41305000000,PUK,37864000000
12/31/2014,0,60126000000,PUK,56921000000
12/31/2017,0,401374000,PSB,229289000
12/31/2016,0,387389000,PSB,237128000
12/31/2015,0,373675000,PSB,240200000
12/31/2014,0,376915000,PSB,251017000
12/31/2017,0,128256000000000,TLK,84070000000000
12/31/2016,0,116333000000000,TLK,76333000000000
12/31/2015,0,102470000000000,TLK,68776000000000
12/31/2014,0,89696000000000,TLK,59883000000000
12/31/2017,0,9084000000,PEG,7617000000
12/31/2016,0,9061000000,PEG,6799000000
12/31/2015,0,10415000000,PEG,7608000000
12/31/2014,0,10886000000,PEG,8263000000
12/31/2017,0,2744183000,PSA,1245386000
12/31/2016,0,2617305000,PSA,1186053000
12/31/2015,0,2446533000,PSA,1146187000
12/31/2014,0,2229063000,PSA,1121897000
12/31/2017,0,8573250000,PHM,7448222000
12/31/2016,0,7668476000,PHM,6688316000
12/31/2015,0,5981964000,PHM,5170459000
12/31/2014,0,5822363000,PHM,5107653000
1/31/2018,0,0,PSTG,0
1/31/2017,245817000,727977000,PSTG,942783000
1/31/2016,166645000,440333000,PSTG,638614000
1/31/2015,92707000,174451000,PSTG,354933000
12/31/2017,0,1282562000,NEW,1602017000
12/31/2016,0,439181000,NEW,566861000
2/4/2018,0,8914800000,PVH,8190600000
1/29/2017,0,8203100000,PVH,7416600000
1/31/2016,0,8020300000,PVH,7174300000
2/1/2015,0,8241200000,PVH,7417200000
12/31/2017,0,141295000,PZN,72241000
12/31/2016,0,108336000,PZN,61118000
12/31/2015,0,116607000,PZN,59390000
12/31/2014,0,112511000,PZN,51158000
12/31/2017,40338000,193978000,QTWO,219653000
12/31/2016,32460000,150224000,QTWO,179635000
12/31/2015,21534000,108867000,QTWO,131214000
12/31/2014,12086000,79129000,QTWO,98200000
12/31/2017,0,1622900000,QEP,1691100000
12/31/2016,0,1377100000,QEP,3176500000
12/31/2015,0,2018600000,QEP,2089700000
12/31/2014,0,3293200000,QEP,3623000000
12/31/2017,154084000,1417536000,QGEN,1168556000
12/31/2016,149841000,1337991000,QGEN,1139911000
12/31/2015,146830000,1280986000,QGEN,1084488000
12/31/2014,163666000,1344777000,QGEN,1143984000
12/31/2017,0,446510000,QTS,394283000
12/31/2016,0,402363000,QTS,354300000
12/31/2015,0,311083000,QTS,263818000
12/31/2014,0,217789000,QTS,180199000
12/31/2017,0,4131400000,QUAD,3910300000
12/31/2016,0,4329500000,QUAD,4126500000
12/31/2015,0,4597100000,QUAD,4453900000
12/31/2014,0,4777600000,QUAD,4569000000
12/31/2017,0,820082000,KWR,731348000
12/31/2016,0,746665000,KWR,662522000
12/31/2015,0,737555000,KWR,656191000
12/31/2014,0,765860000,KWR,685611000
10/31/2017,0,866555000,NX,825338000
10/31/2016,0,928184000,NX,869900000
10/31/2015,0,645528000,NX,620853000
10/31/2014,0,595384000,NX,580603000
12/31/2017,0,9466478000,PWR,9034743000
12/31/2016,0,7651319000,PWR,7309042000
12/31/2015,0,7572436000,PWR,7272882000
12/31/2014,0,7747229000,PWR,7267769000
12/31/2017,137326.488,4767443.665,QD,2203988.166
12/31/2016,41021.236,1419903.173,QD,728911.14
12/31/2015,30197.187,215735.983,QD,466085.909
12/31/2014,3673.274,32026.3,QD,86548.528
12/31/2017,0,7709000000,DGX,6425000000
12/31/2016,0,7515000000,DGX,6285000000
12/31/2015,0,7493000000,DGX,6289000000
12/31/2014,0,7435000000,DGX,6316000000
12/31/2017,0,438033000,QES,447229000
12/31/2016,0,210428000,QES,332374000
12/31/2015,0,189255000,QES,238110000
12/31/2017,0,2072170000,QHC,2042024000
12/31/2016,0,2138467000,QHC,2119991000
12/31/2015,0,2187338000,QHC,2051672000
12/31/2014,0,2145500000,QHC,2003268000
12/31/2017,50009000,322115000,QUOT,327781000
12/31/2016,50503000,275190000,QUOT,293938000
12/31/2015,48367000,237309000,QUOT,267857000
12/31/2014,49583000,221761000,QUOT,247196000
12/31/2017,0,6939600000,RRD,6660100000
12/31/2016,0,6833000000,RRD,6550500000
12/31/2015,0,6880700000,RRD,6580200000
12/31/2014,0,7172700000,RRD,6879500000
12/31/2017,0,1221631000,RDN,543222000
12/31/2016,0,1238452000,RDN,598559000
12/31/2015,0,1193253000,RDN,570115000
12/31/2014,0,1072685000,RDN,572970000
3/31/2018,0,6182300000,RL,5518500000
4/1/2017,0,6652800000,RL,5974800000
4/2/2016,0,7405200000,RL,6610600000
3/28/2015,0,7620300000,RL,6567900000
12/31/2017,0,265355000,RPT,192279000
12/31/2016,0,261358000,RPT,189045000
12/31/2015,0,252997000,RPT,183772000
12/31/2014,0,218438000,RPT,167168000
12/31/2017,0,2397680000,RRC,2108999000
12/31/2016,0,1361330000,RRC,1951475000
12/31/2015,0,1181704000,RRC,1623206000
12/31/2014,0,2042537000,RRC,1095346000
12/31/2017,0,154000000,RNGR,174600000
12/31/2016,0,52800000,RNGR,57300000
12/31/2015,0,21200000,RNGR,26000000
9/30/2017,0,6378071000,RJF,5012253000
9/30/2016,0,5379559000,RJF,4322883000
9/30/2015,0,5159577000,RJF,4216158000
9/30/2014,0,4842110000,RJF,3958971000
12/31/2017,0,961333000,RYAM,903583000
12/31/2016,0,868731000,RYAM,724261000
12/31/2015,0,941384000,RYAM,787273000
12/31/2014,0,957689000,RYAM,774080000
12/31/2017,0,819596000,RYN,607081000
12/31/2016,0,815915000,RYN,559698000
12/31/2015,0,568800000,RYN,485596000
12/31/2014,0,603521000,RYN,514589000
12/31/2017,0,25348000000,RTN,22030000000
12/31/2016,0,24124000000,RTN,20829000000
12/31/2015,0,23321000000,RTN,20403000000
12/31/2014,0,22826000000,RTN,19647000000
12/31/2017,0,195929000,RMAX,116477000
12/31/2016,0,176302000,RMAX,100836000
12/31/2015,0,176868000,RMAX,102453000
12/31/2014,0,170984000,RMAX,102002000
12/31/2017,0,6114000000,RLGY,5597000000
12/31/2016,0,5810000000,RLGY,5251000000
12/31/2015,0,5706000000,RLGY,5153000000
12/31/2014,0,5328000000,RLGY,4802000000
12/31/2017,0,1215768000,O,626714000
12/31/2016,0,1103172000,O,564774000
12/31/2015,0,1023285000,O,513865000
12/31/2014,0,933505000,O,479617000
2/28/2018,578330000,2920461000,RHT,2446019000
2/28/2017,480668000,2411803000,RHT,2077758000
2/29/2016,413322000,2052230000,RHT,1760282000
2/28/2015,367856000,1789489000,RHT,1535495000
12/31/2017,0,168012000,RLH,165729000
12/31/2016,0,142403000,RLH,142246000
12/31/2015,0,128277000,RLH,130523000
12/31/2014,0,145426000,RLH,141567000
12/31/2017,0,240178000,RWT,87020000
12/31/2016,0,259548000,RWT,114487000
12/31/2015,0,214257000,RWT,122515000
12/31/2014,0,213225000,RWT,111912000
12/30/2017,0,3360300000,RBC,3030200000
12/31/2016,29500000,3224500000,RBC,2897100000
1/2/2016,30100000,3509700000,RBC,3125500000
1/3/2015,32900000,3257100000,RBC,2976100000
12/31/2017,0,0,RWGE,0
12/31/2017,0,1027667000,REG,744763000
12/31/2016,0,645886000,REG,400052000
12/31/2015,0,591163000,REG,363398000
12/31/2014,0,555553000,REG,351048000
12/31/2017,0,262095000,RM,197930000
12/31/2016,0,230419000,RM,171547000
12/31/2015,0,207448000,RM,153088000
12/31/2014,0,195470000,RM,154478000
12/31/2017,0,5569000000,RF,3667000000
12/31/2016,0,5342000000,RF,3634000000
12/31/2015,0,5074000000,RF,3530000000
12/31/2014,0,5114000000,RF,3416000000
6/30/2018,0,1214074000,RGS,1160730000
6/30/2017,0,1268460000,RGS,1232736000
6/30/2016,0,1291933000,RGS,1261112000
6/30/2015,0,1837287000,RGS,1819152000
12/31/2017,0,12515769000,RGA,11198293000
12/31/2016,0,11521511000,RGA,10314115000
12/31/2015,0,10418178000,RGA,9507876000
12/31/2014,0,10904194000,RGA,9787520000
12/31/2017,0,12515769000,RZA,11198293000
12/31/2016,0,11521511000,RZA,10314115000
12/31/2015,0,10418178000,RZA,9507876000
12/31/2014,0,10904194000,RZA,9787520000
12/31/2017,0,12515769000,RZB,11198293000
12/31/2016,0,11521511000,RZB,10314115000
12/31/2015,0,10418178000,RZB,9507876000
12/31/2014,0,10904194000,RZB,9787520000
12/31/2017,0,9721000000,RS,9061400000
12/31/2016,0,8613400000,RS,8032700000
12/31/2015,0,9350500000,RS,8747600000
12/31/2014,0,10451600000,RS,9811000000
12/31/2017,0,7355000000,RENX,5502000000
12/31/2016,0,6895000000,RENX,5238000000
12/31/2015,0,5971000000,RENX,4559000000
12/31/2014,0,5773000000,RENX,4422000000
12/31/2017,0,7355000000,RELX,5502000000
12/31/2016,0,6895000000,RELX,5238000000
12/31/2015,0,5971000000,RELX,4559000000
12/31/2014,0,5773000000,RELX,4422000000
12/31/2017,0,2093051000,RNR,2387370000
12/31/2016,0,1741625000,RNR,1037805000
12/31/2015,0,1518153000,RNR,923356000
12/31/2014,0,1253817000,RNR,555811000
12/31/2017,0,102973.999,SOL,96418.389
12/31/2016,0,80504.734,SOL,80682.643
12/31/2015,0,116330.936,SOL,100012.51
12/31/2014,52575.143,1561497.028,SOL,1551857.35
12/31/2017,23678000,202102000,RENN,289979000
12/31/2016,18250000,63364000,RENN,136377000
12/31/2015,27392000,41111000,RENN,146417000
12/31/2014,34997000,46668000,RENN,160717000
12/31/2017,0,10041500000,RSG,8388100000
12/31/2016,0,9387700000,RSG,7804000000
12/31/2015,0,9115000000,RSG,7601700000
12/31/2014,0,8803300000,RSG,7546900000
6/30/2018,155149000,2340196000,RMD,1779933000
6/30/2017,144467000,2066737000,RMD,1610005000
6/30/2016,118651000,1838713000,RMD,1402847000
6/30/2015,114865000,1678912000,RMD,1269676000
12/31/2017,0,303478000,REN           ,258614000
12/31/2016,0,164478000,REN           ,217768000
12/31/2015,0,154644000,REN           ,149856000
12/31/2014,0,329371000,REN           ,203904000
12/31/2017,0,3513000000,RFP,3348000000
12/31/2016,0,3545000000,RFP,3489000000
12/31/2015,0,3645000000,RFP,3619000000
12/31/2014,0,4258000000,RFP,4145000000
12/31/2017,0,4576100000,QSR,2681000000
12/31/2016,0,4145800000,QSR,2483700000
12/31/2015,0,4052200000,QSR,2659000000
12/31/2014,0,1198800000,QSR,542500000
12/31/2017,0,536118000,RPAI,410966000
12/31/2016,0,579804000,RPAI,432369000
12/31/2015,0,600203000,RPAI,430716000
12/31/2014,0,595859000,RPAI,420828000
12/31/2017,0,304886000,RVI,235129000
12/31/2016,0,314321000,RVI,234958000
12/31/2015,0,297421000,RVI,218269000
10/31/2017,4219000,2267783000,REVG,2180579000
10/29/2016,4815000,1925999000,REVG,1850077000
10/31/2015,5106000,1735081000,REVG,1668328000
10/31/2014,8275000,1721116000,REVG,1682622000
12/31/2017,35700000,2693700000,REV,2600100000
12/31/2016,37000000,2334000000,REV,2054400000
12/31/2015,31200000,1914300000,REV,1648700000
12/31/2014,31200000,1941000000,REV,1674000000
1/31/2018,0,452586000,REX,428185000
1/31/2017,0,453799000,REX,404148000
1/31/2016,0,436488000,REX,405342000
1/31/2015,0,572230000,REX,449713000
12/31/2017,0,161355000,REXR,128901000
12/31/2016,0,125743000,REXR,103441000
12/31/2015,0,93993000,REXR,81853000
12/31/2014,0,66552000,REXR,59134000
3/31/2018,0,2066000000,RXN,1786600000
3/31/2017,0,1918200000,RXN,1693300000
3/31/2016,0,1923800000,RXN,1712100000
3/31/2015,0,2050200000,RXN,1833600000
2/3/2018,0,2440174000,RH,2269481000
1/28/2017,0,2134871000,RH,2035099000
1/30/2016,0,2109006000,RH,1904445000
1/31/2015,0,1867422000,RH,1693996000
12/31/2017,74705000,501526000,RNG,528358000
12/31/2016,65514000,379724000,RNG,405676000
12/31/2015,51607000,296228000,RNG,325843000
12/31/2014,44582000,219887000,RNG,265092000
12/31/2017,0,40030000000,RIO,28439000000
12/31/2016,0,33781000000,RIO,27788000000
12/31/2015,0,34829000000,RIO,30736000000
12/31/2014,0,47664000000,RIO,35085000000
12/31/2017,0,610517000,RBA,454977000
12/31/2016,0,566395000,RBA,390452000
12/31/2015,0,515875000,RBA,352447000
12/31/2014,0,481097000,RBA,345107000
3/3/2018,0,21528968000,RAD,21400125000
3/4/2017,0,22927540000,RAD,22639828000
2/27/2016,0,20770237000,RAD,20359429000
2/28/2015,0,26528377000,RAD,25631845000
12/31/2017,0,1356884000,RLJ,1131034000
12/31/2016,0,1159995000,RLJ,939598000
12/31/2015,0,1136340000,RLJ,931422000
12/31/2014,0,1109197000,RLJ,908603000
12/31/2017,0,2091291000,RRTS,2158781000
12/31/2016,0,2033200000,RRTS,2065771000
12/31/2015,0,1992166000,RRTS,1932162000
12/31/2014,0,1872470000,RRTS,1805571000
12/31/2017,0,5266789000,RHI,4751072000
12/31/2016,0,5250399000,RHI,4697177000
12/31/2015,0,5094933000,RHI,4514453000
12/31/2014,0,4695014000,RHI,4198389000
9/30/2017,0,6311300000,ROK,5269000000
9/30/2016,0,5879500000,ROK,4865800000
9/30/2015,0,6307900000,ROK,5148200000
9/30/2014,0,6623500000,ROK,5448900000
9/30/2017,0,6822000000,COL,5600000000
9/30/2016,0,5259000000,COL,4235000000
9/30/2015,0,5244000000,COL,4236000000
9/30/2014,0,4979000000,COL,4046000000
12/31/2017,0,14143000000,RCI,10979000000
12/31/2016,0,13702000000,RCI,10956000000
12/31/2015,0,13414000000,RCI,10725000000
12/31/2014,0,12850000000,RCI,10060000000
12/31/2017,29547000,821043000,ROG,692026000
12/31/2016,28582000,656314000,ROG,567628000
12/31/2015,27644000,641443000,ROG,554288000
12/31/2014,22878000,610911000,ROG,521180000
12/31/2017,0,1673957000,ROL,1379956000
12/31/2016,0,1573477000,ROL,1313778000
12/31/2015,0,1485305000,ROL,1244240000
12/31/2014,0,1411566000,ROL,1192954000
12/31/2017,24429000,184593000,RST,187887000
12/31/2016,25360000,194089000,RST,210242000
12/31/2015,29337000,217670000,RST,245883000
12/31/2014,33176000,261853000,RST,316558000
12/31/2017,0,1282800000,RDC,1193400000
12/31/2016,0,1843200000,RDC,1283200000
12/31/2015,0,2137000000,RDC,1500200000
12/31/2014,0,1824400000,RDC,1439700000
10/31/2017,0,39519000000,RY,23832000000
10/31/2016,0,37249000000,RY,22980000000
10/31/2015,0,34205000000,RY,20870000000
10/31/2014,0,32844000000,RY,20468000000
12/31/2017,0,12661000000,RBS,8695000000
12/31/2016,0,12249000000,RBS,13724000000
12/31/2015,0,13911000000,RBS,12849000000
12/31/2014,0,16507000000,RBS,12429000000
12/31/2017,0,8777845000,RCL,7033789000
12/31/2016,0,8496401000,RCL,7010744000
12/31/2015,0,8299074000,RCL,7012905000
12/31/2014,0,8073855000,RCL,7118778000
12/31/2017,0,0,RMT,0
12/31/2016,0,5120.047,RMT,3304.528
12/31/2015,0,5520.573,RMT,3865.117
12/31/2014,0,4574.293,RMT,4415.673
12/31/2017,0,0,RVT,0
12/31/2016,0,18024.681,RVT,7138.652
12/31/2015,0,17268.627,RVT,7176.49
12/31/2014,0,16883.682,RVT,6986.767
12/31/2017,0,1595227000,RES,1373540000
12/31/2016,0,728974000,RES,975836000
12/31/2015,0,1263840000,RES,1413700000
12/31/2014,0,2337413000,RES,1921012000
5/31/2018,69700000,5321643000,RPM,4761674000
5/31/2017,64900000,4958175000,RPM,4421007000
5/31/2016,61500000,4813649000,RPM,4262078000
5/31/2015,56700000,4594550000,RPM,4105790000
12/31/2017,46986000,255098000,RTEC,208677000
12/31/2016,44964000,232780000,RTEC,195075000
12/31/2015,41233000,221690000,RTEC,188897000
12/31/2014,40576000,181218000,RTEC,182527000
12/31/2017,0,140803000,RYB,131469000
12/31/2016,0,108513000,RYB,100962000
12/31/2015,0,82858000,RYB,83937000
12/31/2014,0,65056000,RYB,67590000
12/31/2017,0,7329599000,R,6838033000
12/31/2016,0,6786984000,R,6165689000
12/31/2015,0,6571893000,R,5926376000
12/31/2014,0,6638774000,R,6056225000
12/31/2017,0,0,RYI,3254100000
12/31/2016,0,2859700000,RYI,2725700000
12/31/2015,0,3167200000,RYI,3050300000
12/31/2014,0,3622200000,RYI,3505000000
12/31/2017,0,1180317000,RHP,964649000
12/31/2016,0,1146413000,RHP,935402000
12/31/2015,0,1088524000,RHP,910862000
12/31/2014,0,1040991000,RHP,887886000
12/31/2017,0,6063000000,SPGI,3312000000
12/31/2016,0,5661000000,SPGI,3372000000
12/31/2015,0,5313000000,SPGI,3260000000
12/31/2014,0,5051000000,SPGI,3243000000
12/31/2017,0,37203.425,SBR,2122.232
12/31/2016,0,30030.71,SBR,2149.836
12/31/2015,0,48386.757,SBR,2051.473
12/31/2014,0,61092.666,SBR,1938.483
12/31/2017,0,148032000,SB,125921000
12/31/2016,0,109772000,SB,121270000
12/31/2015,0,127317000,SB,136507000
12/31/2014,0,154094000,SB,126642000
12/31/2017,0,0,SFE,0
12/31/2016,0,0,SFE,18692000
12/31/2015,0,0,SFE,17554000
12/31/2014,0,0,SFE,18970000
12/31/2017,0,23234000,SAFE,15267000
12/31/2016,0,21743000,SAFE,6886000
12/31/2015,0,18565000,SAFE,5619000
12/31/2014,0,13427000,SAFE,5664000
12/31/2017,33331000,186056000,SAIL,176113000
12/31/2016,24358000,132412000,SAIL,129683000
12/31/2015,19965000,95356000,SAIL,103529000
1/31/2018,1553073000,10480012000,CRM,10244244000
1/31/2017,1208127000,8391984000,CRM,8312256000
1/31/2016,946300000,6667216000,CRM,6588910000
1/31/2015,792917000,5373586000,CRM,5519219000
9/30/2017,0,3938317000,SBH,3437041000
9/30/2016,0,3952618000,SBH,3453021000
9/30/2015,0,3834343000,SBH,3334317000
9/30/2014,0,3753498000,SBH,3243002000
12/31/2017,0,33237.267,SJT,1607.011
12/31/2016,0,17526.444,SJT,3133.722
12/31/2015,0,19518.753,SJT,2168.435
12/31/2014,0,61583.497,SJT,1710.382
12/31/2017,0,740331000,SN,623457000
12/31/2016,0,431326000,SN,525388000
12/31/2015,0,475779000,SN,369034000
12/31/2014,0,666064000,SN,394144000
12/31/2017,0,343655000,SD,287028000
12/31/2016,0,383515000,SD,467908000
12/31/2015,0,753269000,SD,792831000
12/31/2014,0,1527027000,SD,735161000
12/31/2017,0,8470000,SDT,2106000
12/31/2016,0,8168000,SDT,-7092000
12/31/2015,0,17128000,SDT,-17615000
12/31/2014,0,36392000,SDT,2118000
12/31/2017,0,14900000,SDR,3299000
12/31/2016,0,15635000,SDR,-463000
12/31/2015,0,35331000,SDR,-7013000
12/31/2014,0,81951000,SDR,3565000
12/31/2017,0,27422000,PER,3822000
12/31/2016,0,28452000,PER,3408000
12/31/2015,0,58289000,PER,-21986000
12/31/2014,0,124047000,PER,974000
12/31/2017,5472000000,36204000000,SNY,28835000000
12/31/2016,5172000000,34708000000,SNY,27187000000
12/31/2015,5082000000,34861000000,SNY,27650000000
12/31/2014,4667000000,31999000000,SNY,25247000000
12/31/2017,0,3433463000,SC,2609949000
12/31/2016,0,3299642000,SC,2138931000
12/31/2015,0,3037281000,SC,1747669000
12/31/2014,0,2593578000,SC,1472443000
12/31/2017,3352000000,23461000000,SAP,18402000000
12/31/2016,3044000000,22062000000,SAP,16901000000
12/31/2015,2845000000,20793000000,SAP,15919000000
12/31/2014,2331000000,17560000000,SAP,12795000000
2/28/2018,0,38614.978,SAR,14959.404
2/28/2017,0,33157.152,SAR,12108.85
2/29/2016,0,30050.67,SAR,10802.063
2/28/2015,0,27375.361,SAR,10032.836
6/30/2018,0,181461000000,SSL,152500000000
6/30/2017,0,172407000000,SSL,137849000000
6/30/2016,0,172942000000,SSL,137390000000
6/30/2015,0,185266000000,SSL,137047000000
12/31/2017,0,227285000,BFS,119462000
12/31/2016,0,217070000,BFS,115674000
12/31/2015,0,209077000,BFS,110282000
12/31/2014,0,203592000,BFS,106129000
12/31/2017,0,4407000000,SCG,3213000000
12/31/2016,0,4227000000,SCG,3074000000
12/31/2015,0,4380000000,SCG,3306000000
12/31/2014,0,4951000000,SCG,3944000000
12/31/2017,787000000,30440000000,SLB,27517000000
12/31/2016,1012000000,27810000000,SLB,25525000000
12/31/2015,1094000000,35475000000,SLB,29909000000
12/31/2014,1217000000,48580000000,SLB,39090000000
12/31/2017,0,4383600000,SNDR,4103300000
12/31/2016,0,4045736000,SNDR,3753968000
12/31/2015,0,3959372000,SNDR,3690145000
12/31/2014,0,3940576000,SNDR,3701225000
12/31/2017,17800000,982100000,SWM,849100000
12/31/2016,17500000,839900000,SWM,706400000
12/31/2015,14000000,764100000,SWM,644700000
12/31/2014,15700000,794300000,SWM,675100000
2/2/2018,0,4454000000,SAIC,4185000000
2/3/2017,0,4442000000,SAIC,4169000000
1/29/2016,0,4315000000,SAIC,4062000000
1/30/2015,0,3885000000,SAIC,3645000000
12/31/2017,0,162205000,SALT,170076000
12/31/2016,0,78402000,SALT,156700000
12/31/2015,0,62521000,SALT,131193000
12/31/2014,0,48987000,SALT,110988000
12/31/2017,0,162205000,SLTB,170076000
12/31/2016,0,78402000,SLTB,156700000
12/31/2015,0,62521000,SLTB,131193000
12/31/2014,0,48987000,SLTB,110988000
12/31/2017,0,512732000,SBBC,503639000
12/31/2016,0,522747000,SBBC,443920000
12/31/2015,0,755711000,SBBC,449040000
12/31/2014,0,342807000,SBBC,316270000
12/31/2017,0,512732000,SBNA,503639000
12/31/2016,0,522747000,SBNA,443920000
12/31/2015,0,755711000,SBNA,449040000
12/31/2014,0,342807000,SBNA,316270000
12/31/2017,0,512732000,STNG,503639000
12/31/2016,0,522747000,STNG,443920000
12/31/2015,0,755711000,STNG,449040000
12/31/2014,0,342807000,STNG,316270000
9/30/2017,0,2642100000,SMG,2216300000
9/30/2016,0,2506200000,SMG,2108600000
9/30/2015,0,2371100000,SMG,2043900000
9/30/2014,46000000,2578300000,SMG,2247000000
11/30/2017,0,13963.763,KMM,2422.444
11/30/2016,0,14524.511,KMM,2179.403
11/30/2015,0,15804.353,KMM,2209.527
11/30/2014,0,19403.308,KMM,2474.272
12/31/2017,29323000,414190000,SE,915624000
12/31/2016,20809000,345670000,SE,545371000
12/31/2015,17732000,292124000,SE,370441000
12/31/2014,11053000,160756000,SE,247842000
12/31/2017,0,0,SA,15729000
12/31/2016,0,0,SA,9679000
12/31/2015,0,0,SA,9760000
12/31/2014,0,0,SA,16528000
12/31/2017,0,577891000,CKH,519318000
12/31/2016,0,440465000,CKH,438313000
12/31/2015,0,521987000,CKH,490934000
12/31/2014,0,1319394000,CKH,1209893000
12/31/2017,0,173783000,SMHI,268495000
12/31/2016,0,215636000,SMHI,274302000
12/31/2015,0,368868000,SMHI,390786000
12/31/2014,0,529944000,SMHI,488060000
12/31/2017,0,1999000000,SDRL,1864000000
12/31/2016,0,2969000000,SDRL,2054000000
12/31/2015,0,4106000000,SDRL,2624000000
12/31/2014,0,4677000000,SDRL,2928000000
12/31/2017,0,1014800000,SDLP,755600000
12/31/2016,0,1368700000,SDLP,749400000
12/31/2015,0,1617000000,SDLP,847300000
12/31/2014,0,1302700000,SDLP,687500000
12/31/2017,0,4461600000,SEE,3853500000
12/31/2016,0,4211300000,SEE,3577100000
12/31/2015,0,4410300000,SEE,3744200000
12/31/2014,0,7750500000,SEE,7017200000
12/31/2017,0,831324000,SSW,540789000
12/31/2016,0,877905000,SSW,533843000
12/31/2015,0,819024000,SSW,468256000
12/31/2014,0,717170000,SSW,387630000
12/31/2017,0,831324000,SSWA,540789000
12/31/2016,0,877905000,SSWA,533843000
12/31/2015,0,819024000,SSWA,468256000
12/31/2014,0,717170000,SSWA,387630000
12/31/2017,0,831324000,SSWN,540789000
12/31/2016,0,877905000,SSWN,533843000
12/31/2015,0,819024000,SSWN,468256000
12/31/2014,0,717170000,SSWN,387630000
12/31/2017,0,1263324000,SEAS,1182355000
12/31/2016,0,1344292000,SEAS,1235591000
12/31/2015,0,1371004000,SEAS,1209300000
12/31/2014,0,1377812000,SEAS,1202327000
12/31/2017,0,692491000,WTTR,692041000
12/31/2016,0,302399000,WTTR,383257000
12/31/2015,0,535577000,WTTR,582984000
12/31/2017,0,4364112000,SEM,4005415000
12/31/2016,0,4216928000,SEM,3913845000
12/31/2015,0,3683364000,SEM,3403859000
12/31/2014,0,3020417000,SEM,2735941000
12/31/2017,0,2081917000,SEMG,2016461000
12/31/2016,0,1332164000,SEMG,1268242000
12/31/2015,0,1455094000,SEMG,1388140000
12/31/2014,0,2122579000,SEMG,2056213000
12/31/2017,427111000,3101175000,SMI,2993793000
12/31/2016,318247000,2914180000,SMI,2565599000
12/31/2015,237157000,2236415000,SMI,2043303000
12/31/2014,189733000,1969966000,SMI,1853417000
12/31/2017,0,11207000000,SRE,8877000000
12/31/2016,0,10183000000,SRE,8557000000
12/31/2015,0,10231000000,SRE,8311000000
12/31/2014,0,11035000000,SRE,9253000000
12/31/2017,29098000,111888000,SEND,115384000
12/31/2016,21178000,79929000,SEND,83119000
12/31/2015,18959000,58476000,SEND,64134000
12/31/2014,15290000,42776000,SEND,55287000
12/31/2017,130204000,3306733000,ST,2728773000
12/31/2016,126665000,3202288000,ST,2706011000
12/31/2015,123666000,2974961000,ST,2535058000
12/31/2014,82178000,2409803000,ST,2016321000
12/31/2017,0,1362265000,SXT,1157943000
12/31/2016,0,1383210000,SXT,1172250000
12/31/2015,0,1375964000,SXT,1165997000
12/31/2014,0,1447821000,SXT,1229784000
12/31/2017,25202000,48263000,SQNS,67788000
12/31/2016,26334000,45579000,SQNS,65323000
12/31/2015,25305000,32532000,SQNS,56169000
12/31/2014,28634000,22602000,SQNS,56662000
12/31/2017,0,241017000,SRG,246084000
12/31/2016,0,253320000,SRG,260048000
12/31/2015,0,236686000,SRG,209094000
12/31/2014,0,273096000,SRG,214194000
12/31/2017,0,3095031000,SCI,2502965000
12/31/2016,0,3031137000,SCI,2469333000
12/31/2015,0,2986041000,SCI,2435465000
12/31/2014,0,2994011000,SCI,2503075000
12/31/2017,0,2912000000,SERV,2352000000
12/31/2016,0,2746000000,SERV,2189000000
12/31/2015,0,2594000000,SERV,2076000000
12/31/2014,0,2457000000,SERV,2019000000
12/31/2017,377518000,1933026000,NOW,2034440000
12/31/2016,285239000,1390513000,NOW,1542321000
12/31/2015,217389000,1005480000,NOW,1171845000
12/31/2014,148258000,682563000,NOW,833198000
12/27/2017,0,358810000,SHAK,324389000
12/28/2016,0,268475000,SHAK,240636000
12/30/2015,0,190592000,SHAK,170234000
12/31/2014,0,118530000,SHAK,115282000
8/31/2017,0,4882000000,SJR,3829000000
8/31/2016,0,4518000000,SJR,3380000000
8/31/2015,0,4486000000,SJR,3313000000
8/31/2014,0,5241000000,SJR,3744000000
12/31/2017,0,470100000,SHLX,269900000
12/31/2016,0,452900000,SHLX,229200000
12/31/2015,0,485500000,SHLX,232600000
12/31/2014,0,250300000,SHLX,108300000
12/31/2017,0,14983788000,SHW,13024075000
12/31/2016,0,11855602000,SHW,10077304000
12/31/2015,0,11339304000,SHW,9724667000
12/31/2014,0,11129533000,SHW,9845481000
12/31/2017,0,9111898000000,SHG,4983202000000
12/31/2016,0,8410540000000,SHG,5199653000000
12/31/2015,0,7981543000000,SHG,4919211000000
12/31/2014,0,8035677000000,SHG,4998536000000
12/31/2017,132775000,673304000,SHOP,722461000
12/31/2016,73290000,389330000,SHOP,426495000
12/31/2015,37858000,205233000,SHOP,222989000
12/31/2014,25915000,105018000,SHOP,126633000
12/31/2017,52486000,557111000,SSTK,528662000
12/31/2016,47789000,494317000,SSTK,446877000
12/31/2015,41322000,425149000,SSTK,384131000
12/31/2014,38301000,327971000,SSTK,288935000
12/31/2017,0,45911600000,SBGL,45202600000
12/31/2016,0,31240700000,SBGL,26029200000
12/31/2015,0,22717400000,SBGL,20717200000
12/31/2014,0,21780500000,SBGL,18146700000
2/3/2018,0,6511100000,SIG,5928900000
1/28/2017,0,6690900000,SIG,5905600000
1/30/2016,0,6802800000,SIG,6020200000
1/31/2015,0,5954200000,SIG,5377600000
12/31/2017,0,0,SBOW,0
12/31/2016,0,164413000,SBOW,183291000
12/31/2015,0,246270000,SBOW,334528000
12/31/2014,0,547790000,SBOW,462657000
12/31/2017,0,5538640000,SPG,2736300000
12/31/2016,0,5435229000,SPG,2714401000
12/31/2015,0,5257803000,SPG,2592830000
12/31/2014,0,4870818000,SPG,2485476000
12/31/2017,47616000,977025000,SSD,838018000
12/31/2016,44036000,860661000,SSD,719752000
12/31/2015,43056000,794059000,SSD,682532000
12/31/2014,39018000,752148000,SSD,651867000
12/31/2017,0,92013569000,SHI,85522401000
12/31/2016,0,77894285000,SHI,70902541000
12/31/2015,0,80803422000,SHI,77030210000
12/31/2014,0,102182861000,SHI,102872861000
12/31/2017,0,1861700000,SITE,1763900000
1/1/2017,0,1648200000,SITE,1574200000
1/3/2016,0,1451600000,SITE,1391400000
12/28/2014,0,1176600000,SITE,1130800000
12/31/2017,0,1359074000,SIX,889666000
12/31/2016,0,1319398000,SIX,997673000
12/31/2015,0,1263938000,SIX,908149000
12/31/2014,0,1175793000,SIX,947008000
12/31/2017,0,389225000,SJW,291146000
12/31/2016,0,339706000,SJW,246590000
12/31/2015,0,305082000,SJW,225122000
12/31/2014,0,319668000,SJW,226790000
12/31/2017,0,17520013000000,SKM,16185397000000
12/31/2016,0,17091816000000,SKM,15707970000000
12/31/2015,0,17136734000000,SKM,15548246000000
12/31/2014,0,17163798000000,SKM,15461576000000
12/31/2017,0,4180826000,SKX,3797946000
12/31/2016,0,3577196000,SKX,3206678000
12/31/2015,0,3159068000,SKX,2808244000
12/31/2014,0,2386668000,SKX,2177597000
3/31/2018,0,1064722000,SKY,1010680000
4/1/2017,0,861319000,SKY,822981000
4/2/2016,0,751703000,SKY,731372000
3/28/2015,0,737230000,SKY,735708000
12/31/2017,0,1533365000,SLG,1074736000
12/31/2016,0,1781855000,SLG,1421308000
12/31/2015,0,1675857000,SLG,1076320000
12/31/2014,0,1508194000,SLG,960510000
12/31/2017,0,1208004000,SM,1245465000
12/31/2016,0,1128476000,SM,2211065000
12/31/2015,0,1441534000,SM,1990979000
12/31/2014,0,2393761000,SM,1269142000
12/31/2017,0,4570565000,SFS,4516179000
1/1/2017,0,4341795000,SFS,4294854000
1/3/2016,0,3970980000,SFS,3874702000
12/28/2014,0,3534244000,SFS,3445395000
1/31/2018,37590000,111253000,SMAR,160231000
1/31/2017,19640000,66964000,SMAR,82119000
1/31/2016,12900000,40751000,SMAR,55100000
12/31/2017,223000000,4765000000,SNN,3880000000
12/31/2016,230000000,4669000000,SNN,3757000000
12/31/2015,222000000,4634000000,SNN,3889000000
12/31/2014,235000000,4617000000,SNN,3685000000
12/31/2017,0,2996700000,AOS,2476200000
12/31/2016,0,2685900000,AOS,2225500000
12/31/2015,0,2536500000,AOS,2137400000
12/31/2014,0,2356000000,AOS,2068800000
12/31/2017,1525454000,824949000,SNAP,4270658000
12/31/2016,183618000,404482000,SNAP,924867000
12/31/2015,82235000,58663000,SNAP,423992000
12/30/2017,0,4000300000,SNA,3072700000
12/31/2016,0,3711800000,SNA,2856900000
1/2/2016,0,3593100000,SNA,2828800000
1/3/2015,0,3492600000,SNA,2802200000
12/31/2017,0,0,IPOA,915.947
12/31/2017,0,2157323000,SQM,1530731000
12/31/2016,0,1939322000,SQM,1467449000
12/31/2015,0,1728332000,SQM,1344711000
12/31/2014,0,2014214000,SQM,1579166000
12/31/2017,172829000,908357000,SOGO,814471000
12/31/2016,138364000,660408000,SOGO,588786000
12/31/2015,131072000,591803000,SOGO,490015000
12/31/2014,123339000,386382000,SOGO,418307000
12/31/2017,0,0,SOI,37988000
12/31/2016,0,18157000,SOI,15296000
12/31/2015,0,14205000,SOI,15396000
12/31/2017,0,9867208000,SAH,9637649000
12/31/2016,0,9731779000,SAH,9502607000
12/31/2015,0,9624299000,SAH,9385551000
12/31/2014,0,9197099000,SAH,8952892000
12/31/2017,21000000,5036650000,SON,4622892000
12/31/2016,22500000,4782877000,SON,4346883000
12/31/2015,22100000,4964369000,SON,4562068000
12/31/2014,24200000,5016994000,SON,4606883000
3/31/2018,0,8534664000000,SNE,7794681000000
3/31/2017,0,7603250000000,SNE,7162857000000
3/31/2016,0,8105712000000,SNE,7739826000000
3/31/2015,0,8215880000000,SNE,7917116000000
12/31/2017,0,0,BID,816838000
12/31/2016,0,805377000,BID,640961000
12/31/2015,0,961494000,BID,703142000
12/31/2014,0,938053000,BID,670154000
12/31/2017,0,0,SOR,0
12/31/2016,0,7120.916,SOR,3640.166
12/31/2015,0,5934.078,SOR,5761.565
12/31/2014,0,6526.774,SOR,5286.909
12/31/2017,0,1243068000,SJI,1146704000
12/31/2016,0,1036500000,SJI,847224000
12/31/2015,0,959568000,SJI,802674000
12/31/2014,0,886996000,SJI,759393000
12/31/2017,0,0,SXE,678540000
12/31/2016,0,548723000,SXE,569109000
12/31/2015,0,698473000,SXE,700526000
12/31/2014,0,848513000,SXE,853220000
12/31/2017,0,23031000000,SO,20447500000
12/31/2016,0,19896000000,SO,15267000000
12/31/2015,0,17489000000,SO,13207000000
12/31/2014,0,18467000000,SO,14825000000
12/31/2017,0,6654500000,SCCO,4035600000
12/31/2016,0,5379800000,SCCO,3815600000
12/31/2015,0,5045900000,SCCO,3586500000
12/31/2014,0,5787700000,SCCO,3463600000
12/31/2017,0,21171000000,LUV,17716000000
12/31/2016,0,20425000000,LUV,16468000000
12/31/2015,0,19648000000,LUV,15691000000
12/31/2014,0,18605000000,LUV,16217000000
12/31/2017,0,2548792000,SWX,2225092000
12/31/2016,0,2460490000,SWX,2164776000
12/31/2015,0,2463625000,SWX,2175293000
12/31/2014,0,2121707000,SWX,1832224000
12/31/2017,0,0,SWN,2046000000
12/31/2016,0,2436000000,SWN,2571000000
12/31/2015,0,3133000000,SWN,2941000000
12/31/2014,0,4038000000,SWN,2525000000
7/1/2018,2745000,374990000,SPA,363811000
7/2/2017,1670000,397562000,SPA,389941000
7/3/2016,2344000,419362000,SPA,406301000
6/30/2015,1502000,382125000,SPA,362074000
12/31/2017,0,0,SPE,0
12/31/2016,0,7950.496,SPE,2598.182
12/31/2015,0,6786.014,SPE,2601.626
12/31/2014,0,4721.996,SPE,2449.087
12/31/2017,0,1950000000,SEP,1387000000
12/31/2016,0,2533000000,SEP,1305000000
12/31/2015,0,2455000000,SEP,1173000000
12/31/2014,0,2269000000,SEP,1133000000
9/30/2017,0,5008500000,SPB           ,4392400000
9/30/2016,0,5048600000,SPB           ,4407200000
9/30/2015,0,4753800000,SPB           ,4329900000
9/30/2014,0,4545400000,SPB           ,4062500000
12/31/2017,0,453589000,TRK,383465000
12/31/2016,0,489733000,TRK,416073000
12/31/2015,0,474716000,TRK,386921000
12/31/2014,0,484309000,TRK,399033000
9/30/2017,0,1740700000,SR,1419000000
9/30/2016,0,1537300000,SR,1255000000
9/30/2015,0,1976400000,SR,1703900000
9/30/2014,0,1627200000,SR,1460800000
12/31/2017,31200000,6983000000,SPR,6394000000
12/31/2016,23800000,6792900000,SPR,6045700000
12/31/2015,27800000,6643900000,SPR,5821700000
12/31/2014,29300000,6799200000,SPR,6028500000
12/31/2017,0,2647666000,SAVE,2242078000
12/31/2016,0,2321956000,SAVE,1828519000
12/31/2015,0,2141463000,SAVE,1630064000
12/31/2014,0,1931580000,SAVE,1573264000
12/31/2017,0,227354000,SMTA,114814000
12/31/2016,0,239008000,SMTA,109107000
12/31/2015,0,254769000,SMTA,118637000
12/31/2017,0,661633000,SRC,338023000
12/31/2016,0,670483000,SRC,335515000
12/31/2015,0,660075000,SRC,331557000
12/31/2014,0,598123000,SRC,315569000
12/31/2017,396000000,4090000000,SPOT,4468000000
12/31/2016,207000000,2952000000,SPOT,3256000000
1/1/2016,136000000,1940000000,SPOT,2175000000
12/31/2017,0,2854996000,SRLP,2787573000
12/31/2016,0,2389998000,SRLP,2349288000
12/31/2015,0,3481914000,SRLP,3372218000
12/31/2014,0,5069762000,SRLP,4909169000
3/31/2018,0,32406000000,S,29344000000
3/31/2017,0,33347000000,S,31080000000
3/31/2016,0,32180000000,S,30801000000
3/31/2015,0,34532000000,S,33881000000
12/31/2017,0,1425800000,SPXC,1378500000
12/31/2016,0,1472300000,SPXC,1400300000
12/31/2015,0,1559000000,SPXC,1676100000
12/31/2014,0,1694400000,SPXC,1844900000
12/31/2017,0,1951500000,FLOW,1813100000
12/31/2016,0,1996000000,FLOW,1856600000
12/31/2015,0,2388500000,FLOW,2168800000
12/31/2014,0,2769600000,FLOW,2489100000
12/31/2017,321888000,2214253000,SQ,2268459000
12/31/2016,268537000,1708721000,SQ,1831174000
12/31/2015,199638000,1267118000,SQ,1436576000
12/31/2014,144637000,850192000,SQ,1000183000
12/31/2017,0,98796000,JOE,96447000
12/31/2016,0,95744000,JOE,92727000
12/31/2015,0,103871000,JOE,110006000
12/31/2014,0,701873000,JOE,183677000
12/31/2017,0,301087000,STAG,248414000
12/31/2016,0,250243000,STAG,210359000
12/31/2015,0,218633000,STAG,187603000
12/31/2014,0,173816000,STAG,148780000
2/3/2018,0,1592275000,SSI,1628050000
1/28/2017,0,1442718000,SSI,1479832000
1/30/2016,0,1604433000,SSI,1579910000
1/31/2015,0,1638569000,SSI,1575131000
12/31/2017,0,1116143000,SMP,990244000
12/31/2016,0,1058482000,SMP,938206000
12/31/2015,0,971975000,SMP,882997000
12/31/2014,0,980392000,SMP,871155000
6/30/2018,0,868382000,SXI,773000000
6/30/2017,0,755258000,SXI,676564000
6/30/2016,0,751586000,SXI,669743000
6/30/2015,0,772142000,SXI,690455000
12/30/2017,0,12747200000,SWK,11154500000
12/31/2016,0,11406900000,SWK,9939400000
1/2/2016,0,11171800000,SWK,9799300000
1/3/2015,0,11338600000,SWK,10071400000
12/31/2017,0,3417300000,STN,3187600000
12/31/2016,0,3098400000,STN,2869600000
12/31/2015,0,2373683000,STN,2152637000
12/31/2014,0,2075311000,STN,1846016000
9/30/2017,0,1323555000,SGU,1272277000
9/30/2016,0,1161338000,SGU,1077013000
9/30/2015,0,1674291000,SGU,1567638000
9/30/2014,0,1961724000,SGU,1888739000
12/31/2017,0,292604000,SRT,292827000
12/31/2016,0,307200000,SRT,303990000
12/31/2015,0,282134000,SRT,292443000
12/31/2017,0,589680000,STWD,467742000
12/31/2016,0,550109000,STWD,462890000
12/31/2015,0,533329000,STWD,345947000
12/31/2014,0,539724000,STWD,330426000
12/31/2017,0,11168000000,STT,7804000000
12/31/2016,0,10197000000,STT,7621000000
12/31/2015,0,10348000000,STT,7333000000
12/31/2014,0,10264000000,STT,7215000000
12/31/2017,0,1372027000,SPLP,1306533000
12/31/2016,0,1163549000,SPLP,1096043000
12/31/2015,0,965059000,SPLP,898246000
12/31/2014,0,847263000,SPLP,780429000
2/23/2018,44000000,3055500000,SCS,2896300000
2/24/2017,35800000,3032400000,SCS,2827100000
2/26/2016,33000000,3060000000,SCS,2865500000
2/27/2015,35400000,3059700000,SCS,2874200000
12/31/2017,0,0,SCM,0
12/31/2016,0,39490.197,SCM,14185.811
12/31/2015,0,35158.559,SCM,12434.416
12/31/2014,0,32324.847,SCM,10497.425
12/31/2017,53867000,1925007000,SCL,1775778000
12/31/2016,56086000,1766166000,SCL,1628188000
12/31/2015,50243000,1776167000,SCL,1656239000
12/31/2014,45451000,1927213000,SCL,1830710000
3/31/2018,60782000,2619996000,STE,2200228000
3/31/2017,59397000,2612756000,STE,2282064000
3/31/2016,56664000,2232962000,STE,1937964000
3/31/2015,54139000,1842346000,STE,1577203000
12/31/2017,0,614345000,STL,260633000
12/31/2016,0,453001000,STL,210716000
12/31/2015,0,358267000,STL,183112000
12/31/2014,0,267542.5,STL,158730000
12/31/2017,0,1956524000,STC,1869613000
12/31/2016,0,2013340000,STC,1910864000
12/31/2015,0,2035585000,STC,1959436000
12/31/2014,0,1865030000,STC,1815782000
12/31/2017,0,2901112000,SF,2597048000
12/31/2016,0,2569889000,SF,2342514000
12/31/2015,0,2331594000,SF,2166227000
12/31/2014,0,2208424000,SF,1899630000
12/31/2017,1054000000,8347000000,STM,7277000000
12/31/2016,1121000000,6973000000,STM,6622000000
12/31/2015,1425000000,6897000000,STM,6746000000
12/31/2014,1520000000,7404000000,STM,7146000000
12/31/2017,0,338227000,STON,348900000
12/31/2016,0,326230000,STON,329116000
12/31/2015,0,320319000,STON,318301000
12/31/2014,0,300427000,STON,286932000
12/31/2017,48876000,0,SRI,756630000
12/31/2016,39112000,695977000,SRI,647450000
12/31/2015,38463000,644812000,SRI,615785000
12/31/2014,41437000,660579000,SRI,632872000
12/31/2017,0,452847000,STOR,197242000
12/31/2016,0,376343000,STOR,157657000
12/31/2015,0,284762000,STOR,118102000
12/31/2014,0,190441000,STOR,76992000
12/31/2017,787000000,12444000000,SYK,9682000000
12/31/2016,715000000,11325000000,SYK,8764000000
12/31/2015,625000000,9946000000,SYK,7676000000
12/31/2014,614000000,9675000000,SYK,7449000000
12/31/2017,0,522256000,RGR,446353000
12/31/2016,0,664328000,RGR,528703000
12/31/2015,0,551094000,RGR,456739000
12/31/2014,0,544474000,RGR,447433000
9/30/2017,0,1187886000,SPH,1072602000
9/24/2016,0,1046111000,SPH,962474000
9/26/2015,0,1416979000,SPH,1227621000
9/27/2014,0,1938257000,SPH,1735831000
3/31/2018,0,3312065000000,SMFG,2177666000000
3/31/2017,0,2973691000000,SMFG,2040713000000
3/31/2016,0,3376559000000,SMFG,2077710000000
3/31/2015,0,4400271000000,SMFG,3085433000000
12/31/2017,0,515377000,INN,431482000
12/31/2016,0,473935000,INN,390871000
12/31/2015,0,463455000,INN,379230000
12/31/2014,0,403466000,INN,345913000
12/30/2017,0,1932575000,SUM,1703965000
12/31/2016,0,1626063000,SUM,1464604000
1/2/2016,0,1432297000,SUM,1273254000
12/27/2014,0,1204231000,SUM,1125718000
12/31/2017,0,488138000,SMLP,320672000
12/31/2016,0,402784000,SMLP,287826000
12/31/2015,0,401343000,SMLP,299195000
12/31/2014,0,388113000,SMLP,307387000
12/31/2017,0,978876000,SUI,761562000
12/31/2016,0,830741000,SUI,670197000
12/31/2015,0,672512000,SUI,520079000
12/31/2014,0,483223000,SUI,395296000
12/31/2017,0,29334000000,SLF,26427000000
12/31/2016,0,28573000000,SLF,25057000000
12/31/2015,0,19274000000,SLF,16001000000
12/31/2014,0,25764000000,SLF,23061000000
12/31/2017,0,845600000,SXCP,704500000
12/31/2016,0,779700000,SXCP,643700000
12/31/2015,0,838500000,SXCP,701300000
12/31/2014,0,873000000,SXCP,737900000
12/31/2017,0,1331500000,SXC,1202600000
12/31/2016,0,1223300000,SXC,1106500000
12/31/2015,0,1362700000,SXC,1267800000
12/31/2014,0,1490700000,SXC,1378700000
12/31/2017,0,32051000000,SU,27526000000
12/31/2016,0,26807000000,SU,26720000000
12/31/2015,0,29208000000,SU,28968000000
12/31/2014,0,39862000000,SU,33993000000
12/31/2017,32862000,970162000,STG,1897840000
12/31/2016,13932000,418910000,STG,677951000
12/31/2015,5189000,159010000,STG,476177000
12/31/2017,0,11723000000,SUN,11380000000
12/31/2016,0,9986000000,SUN,9598000000
12/31/2015,0,12430000000,SUN,12177000000
12/31/2014,0,10835000000,SUN,10770000000
12/31/2017,0,1193638000,SHO,1010951000
12/31/2016,0,1189440000,SHO,1017125000
12/31/2015,0,1250380000,SHO,1059528000
12/31/2014,0,1141998000,SHO,984714000
12/31/2017,0,8471000000,STI,5524000000
12/31/2016,0,8160000000,STI,5246000000
12/31/2015,0,7867000000,STI,4981000000
12/31/2014,0,7711000000,STI,5371000000
12/31/2017,0,1874076000,SPN,2132918000
12/31/2016,0,1450047000,SPN,1979851000
12/31/2015,0,2774565000,SPN,2988667000
12/31/2014,0,4556622000,SPN,4010018000
12/31/2017,0,1108055000,SUP,1054299000
12/25/2016,0,732677000,SUP,678053000
12/27/2015,0,727946000,SUP,683668000
12/28/2014,0,745447000,SUP,717805000
2/24/2018,0,14157000000,SVU,13917000000
2/25/2017,0,10912000000,SVU,10664000000
2/27/2016,0,11283000000,SVU,11023000000
2/28/2015,0,13277000000,SVU,12961000000
12/31/2017,0,141814000,SLD,118131000
12/31/2016,0,104830000,SLD,77194000
12/31/2015,0,101449000,SLD,54131000
12/31/2014,0,74841000,SLD,52049000
12/31/2017,0,378275000,SWCH,288148000
12/31/2016,0,318352000,SWCH,267282000
12/31/2015,0,265870000,SWCH,186311000
12/31/2017,0,7071000000,SYF,3434000000
12/31/2016,0,6986000000,SYF,3213000000
12/31/2015,0,6795000000,SYF,3045000000
12/31/2014,0,6313000000,SYF,2773000000
11/30/2017,0,17045700000,SNX,16531954000
11/30/2016,0,14061837000,SNX,13667593000
11/30/2015,0,13338397000,SNX,12973736000
11/30/2014,0,13839590000,SNX,13487913000
12/31/2017,0,1301451000,SNV,745421000
12/31/2016,0,1144374000,SNV,695063000
12/31/2015,0,1076228000,SNV,659618000
12/31/2014,0,1041768000,SNV,649754000
6/30/2018,0,58727324000,SYY,56232687000
7/1/2017,0,55371139000,SYY,53132202000
7/2/2016,0,50366919000,SYY,48357671000
6/27/2015,0,48680752000,SYY,46888922000
12/31/2017,0,1265400000,SYX,1193800000
12/31/2016,0,1170300000,SYX,1138100000
12/31/2015,0,1243500000,SYX,1220100000
12/31/2014,0,2104200000,SYX,2102000000
12/31/2017,334148000,877059000,DATA,1068024000
12/31/2016,302759000,826943000,DATA,966504000
12/31/2015,204131000,653587000,DATA,705617000
12/31/2014,110923000,412616000,DATA,406292000
12/31/2017,0,733557000,TAHO,605897000
12/31/2016,0,784503000,TAHO,531101000
12/31/2015,0,519721000,TAHO,592034000
12/31/2014,0,350265000,TAHO,226993000
2/3/2018,0,3304346000,TLRD,3053883000
1/28/2017,0,3378703000,TLRD,3149619000
1/30/2016,0,3496271000,TLRD,3268125000
1/31/2015,0,3252548000,TLRD,3046236000
12/31/2017,80732500000,977447200000,TSM,590881900000
12/31/2016,71207700000,947938300000,TSM,570027000000
12/31/2015,65544600000,843497400000,TSM,521709000000
12/31/2014,56828800000,762806500000,TSM,465975300000
2/28/2018,0,1715015.984,TAL,1506054.894
2/28/2017,0,1043099.655,TAL,908505.186
2/29/2016,0,619948.777,TAL,534896.914
2/28/2015,0,433969.569,TAL,366721.455
12/31/2017,0,655898000,TGE,384650000
12/31/2016,0,611662000,TGE,343334000
12/31/2015,0,542661000,TGE,331637000
12/31/2014,0,371556000,TGE,318143000
12/31/2017,0,411368000,TALO,393371000
12/31/2016,0,256796000,TALO,394655000
12/31/2015,0,312295000,TALO,301456000
12/31/2017,0,490171000,SKT,326983000
12/31/2016,0,476706000,SKT,313357000
12/31/2015,0,450853000,SKT,294908000
12/31/2014,0,427611000,SKT,284330000
6/30/2018,0,5880000000,TPR,4970900000
7/1/2017,0,4488300000,TPR,3675700000
7/2/2016,0,4491800000,TPR,3715200000
6/27/2015,0,4191600000,TPR,3563900000
12/31/2017,0,8814900000,TRGP,8543400000
12/31/2016,0,6690900000,TRGP,6422000000
12/31/2015,0,6658600000,TRGP,6184900000
12/31/2014,0,8616500000,TRGP,7977500000
2/3/2018,0,0,TGT,67476000000
1/28/2017,0,69495000000,TGT,64483000000
1/30/2016,0,73785000000,TGT,68683000000
1/31/2015,0,72618000000,TGT,67959000000
3/31/2018,70418000,661913000,TARO,357019000
3/31/2017,70644000,879387000,TARO,364160000
3/31/2016,71160000,950751000,TARO,333268000
3/31/2015,65510000,862944000,TARO,339513000
3/31/2018,35318700000,2942425700000,TTM,2824550600000
3/31/2017,34135700000,2698496600000,TTM,2542558600000
3/31/2016,34135700000,2705112600000,TTM,2511717100000
3/31/2015,34135700000,2648928600000,TTM,2394617600000
12/31/2017,0,629165000,TCO,463585000
12/31/2016,0,612557000,TCO,425537000
12/31/2015,0,557172000,TCO,361245000
12/31/2014,0,679129000,TCO,429980000
12/31/2017,0,3885290000,TMHC,3536801000
12/31/2016,0,3550029000,TMHC,3228040000
12/31/2015,0,2976820000,TMHC,2702816000
12/31/2014,0,2708432000,TMHC,2392236000
12/31/2017,0,546000000,TCP,200000000
12/31/2016,0,523000000,TCP,188000000
12/31/2015,0,514000000,TCP,192000000
12/31/2014,0,424000000,TCP,170000000
12/31/2017,0,1305094000,TCF,968769000
12/31/2016,0,1248132000,TCF,892800000
12/31/2015,0,1209442000,TCF,871554000
12/31/2014,0,1153159000,TCF,847210000
9/29/2017,658000000,13113000000,TEL,10912000000
9/30/2016,644000000,12238000000,TEL,10302000000
9/25/2015,627000000,12233000000,TEL,10241000000
9/26/2014,583000000,11973000000,TEL,10114000000
12/31/2017,0,1200211000,TISI,1238603000
12/31/2016,0,1196696000,TISI,1185417000
12/31/2015,0,980088.163,TISI,941201.3
5/31/2015,0,842047000,TISI,773582000
12/31/2017,212900000,15056900000,FTI,13798400000
12/31/2016,105400000,9199600000,FTI,8308000000
12/31/2015,95500000,11471900000,FTI,10760200000
12/31/2014,82600000,10073900000,FTI,9311900000
12/31/2017,55000000,12048000000,TECK,7995000000
12/31/2016,30000000,9300000000,TECK,7404000000
12/31/2015,47000000,8259000000,TECK,9592000000
12/31/2014,29000000,8599000000,TECK,7624000000
12/31/2017,0,1880332000,TK,1597788000
12/31/2016,0,2328569000,TK,1805222000
12/31/2015,0,2450382000,TK,1741058000
12/31/2014,0,1993920000,TK,1564185000
12/31/2017,0,432676000,TGP,233427000
12/31/2016,0,396444000,TGP,204287000
12/31/2015,0,397991000,TGP,212618000
12/31/2014,0,402928000,TGP,217116000
12/31/2017,0,1110284000,TOO,905547000
12/31/2016,0,1152390000,TOO,876809000
12/31/2015,0,1229413000,TOO,861548000
12/31/2014,0,1019539000,TOO,759308000
12/31/2017,0,3146480000,GCI,2964740000
12/25/2016,0,3047474000,GCI,2863121000
12/27/2015,0,2885012000,GCI,2607783000
12/28/2014,0,3171878000,GCI,2833531000
12/31/2017,0,0,TGNA,1351195000
12/31/2016,0,2004088000,TGNA,1263806000
12/31/2015,0,1764822000,TGNA,1193943000
12/28/2014,0,2626141000,TGNA,1873681000
12/31/2017,0,35657000,TRC,43048000
12/31/2016,0,45577000,TRC,53325000
12/31/2015,0,51147000,TRC,53426000
12/31/2014,0,51069000,TRC,48600000
9/30/2017,0,5619.013,HQH,10783.417
9/30/2016,0,4801.393,HQH,11084.472
9/30/2015,0,4331.558,HQH,12182.352
9/30/2014,0,2144.064,HQH,9301.243
9/30/2017,0,1682.164,HQL,5560.935
9/30/2016,0,1437.212,HQL,5227.863
9/30/2015,0,1322.603,HQL,6044.83
9/30/2014,0,876.788,HQL,4642.565
12/31/2017,34459000,233279000,TDOC,292090000
12/31/2016,21815000,123157000,TDOC,175704000
12/31/2015,14210000,77384000,TDOC,128245000
12/31/2014,7573000,43528000,TDOC,58053000
12/31/2017,8586000,43799000,TLRA,66798000
12/31/2016,6961000,29121000,TLRA,52584000
12/31/2015,4762000,9611000,TLRA,38607000
12/31/2014,16992000,159487000,TLRA,182675000
12/31/2017,0,40952254.497,TEO,29710719.474
12/31/2016,0,30571193.944,TEO,22228522.341
12/31/2015,0,20125357.239,TEO,14396855.633
12/31/2014,0,14226131.448,TEO,10763633.752
12/31/2017,0,19828000000,TI,15830000000
12/31/2016,0,19025000000,TI,15247000000
12/31/2015,0,19719000000,TI,15840000000
12/31/2014,0,21733000000,TI,17365000000
12/31/2017,0,2603800000,TDY,2249500000
1/1/2017,0,2149900000,TDY,1876900000
1/3/2016,0,2298100000,TDY,2008000000
12/28/2014,0,2394000000,TDY,2095100000
12/31/2017,84770000,2146303000,TFX,1681217000
12/31/2016,58579000,1868027000,TFX,1488659000
12/31/2015,52119000,1799490000,TFX,1471264000
12/31/2014,61040000,1827132000,TFX,1526919000
12/31/2017,0,43206832000,VIV,35683943000
12/31/2016,0,42508459000,VIV,35618866000
12/31/2015,0,40286815000,VIV,34028625000
12/31/2014,0,34999969000,VIV,29105284000
12/31/2017,0,52871000000,TEF,45912000000
12/31/2016,0,52903000000,TEF,46170000000
12/31/2015,0,55862000000,TEF,52712000000
12/31/2014,0,51151000000,TEF,44498000000
12/31/2017,0,5044000000,TDS,4889000000
12/31/2016,0,5155000000,TDS,5038000000
12/31/2015,0,5210000000,TDS,5012000000
12/31/2014,0,5009000000,TDS,5226000000
12/31/2017,0,13202000000,TU,10534000000
12/31/2016,0,12725000000,TU,10108000000
12/31/2015,0,12430000000,TU,9893000000
12/31/2014,0,11927000000,TU,9493000000
12/31/2017,0,0,TDF,0
12/31/2016,0,18430.66,TDF,9181.689
12/31/2015,0,23001.8,TDF,12484.38
12/31/2014,0,31051.371,TDF,13528.572
12/31/2017,0,0,TEI,0
12/31/2016,0,40441.467,TEI,6126.105
8/31/2016,0,38238.207,TEI,6147.552
8/31/2015,0,39663.637,TEI,6738.907
12/31/2017,0,2754400000,TPX,2455700000
12/31/2016,0,3128900000,TPX,2731800000
12/31/2015,0,3154600000,TPX,2860000000
12/31/2014,0,2989800000,TPX,2721800000
12/31/2017,0,5288504000,TS,4953916000
12/31/2016,0,4293592000,TS,4352649000
12/31/2015,0,6903123000,TS,6337014000
12/31/2014,0,10141459000,TS,8055635000
12/31/2017,0,19179000000,THC,17790000000
12/31/2016,0,19621000000,THC,18161000000
12/31/2015,0,18634000000,THC,17233000000
12/31/2014,0,16603000000,THC,15512000000
12/31/2017,32013000,1003066000,TNC,925625000
12/31/2016,34738000,808572000,TNC,739925000
12/31/2015,32415000,811799000,TNC,743680000
12/31/2014,29432000,821983000,TNC,749886000
12/31/2017,158000000,9274000000,TEN,8770000000
12/31/2016,153000000,8599000000,TEN,8044000000
12/31/2015,145000000,8181000000,TEN,7606000000
12/31/2014,162000000,8381000000,TEN,7840000000
12/31/2017,306000000,2156000000,TDC,2086000000
12/31/2016,212000000,2322000000,TDC,2001000000
12/31/2015,228000000,2530000000,TDC,2236000000
12/31/2014,206000000,2732000000,TDC,2224000000
12/31/2017,285465000,2136606000,TER,1597247000
12/31/2016,271925000,1753250000,TER,1452989000
12/31/2015,276050000,1639578000,TER,1389913000
12/31/2014,275639000,1647824000,TER,1444564000
12/31/2017,81000000,4363400000,TEX,4203800000
12/31/2016,86200000,4443100000,TEX,4294200000
12/31/2015,89700000,5021700000,TEX,4696600000
12/31/2014,102300000,5484000000,TEX,5083400000
12/31/2017,0,9700296000,TX,8241919000
12/31/2016,0,7223975000,TX,6081849000
12/31/2015,0,7877449000,TX,7236939000
12/31/2014,0,8726057000,TX,7731415000
12/31/2017,0,820378000,TTI,829935000
12/31/2016,0,694764000,TTI,741139000
12/31/2015,0,1130145000,TTI,1054563000
12/31/2014,0,1077567000,TTI,1081670000
12/31/2017,1848000000,22385000000,TEVA,18407000000
12/31/2016,2111000000,21903000000,TEVA,16982000000
12/31/2015,1525000000,19652000000,TEVA,14619000000
12/31/2014,1488000000,20272000000,TEVA,15806000000
12/31/2017,0,129429000,TPL,9653000
12/31/2016,0,58311000,TPL,3253000
12/31/2015,0,78115000,TPL,2859000
12/31/2014,0,55202.23,TPL,3785.199
12/31/2017,0,490850000,TGH,369699000
12/31/2016,0,496236000,TGH,390928000
12/31/2015,0,544278000,TGH,298799000
12/31/2014,0,565005000,TGH,279148000
12/30/2017,0,14198000000,TXT,13161000000
12/31/2016,0,13788000000,TXT,12651000000
1/2/2016,0,13423000000,TXT,12322000000
1/3/2015,0,13878000000,TXT,12762000000
12/31/2017,0,10530000000,AES,8281000000
12/31/2016,0,13586000000,AES,11347000000
12/31/2015,0,14155000000,AES,11493000000
12/31/2014,0,16124000000,AES,13331000000
12/31/2017,0,6921567000,BX,3529918000
12/31/2016,0,4973180000,BX,2775920000
12/31/2015,0,4502030000,BX,2946353000
12/31/2014,0,7363204000,BX,3734332000
12/31/2017,0,8618000000,SCHW,4968000000
12/31/2016,0,7462000000,SCHW,4485000000
12/31/2015,0,6305000000,SCHW,4101000000
12/31/2014,0,5985000000,SCHW,3875000000
10/31/2017,69200000,2139000000,COO,1668300000
10/31/2016,65000000,1966800000,COO,1554900000
10/31/2015,65000000,1797100000,COO,1442000000
10/31/2014,65659000,1717776000,COO,1349690000
12/31/2017,0,5184400000,THG,4834400000
12/31/2016,0,4945800000,THG,4611400000
12/31/2015,0,5034000000,THG,4548300000
12/31/2014,0,5067600000,THG,4611600000
6/30/2018,0,1559095000,MSG,1540219000
6/30/2017,0,1318452000,MSG,1370103000
6/30/2016,0,1115311000,MSG,1167042000
6/30/2015,0,1071551000,MSG,1071957000
12/31/2017,47500000,155545000,RUBI,211426000
12/31/2016,51184000,278221000,RUBI,276329000
12/31/2015,42055000,248484000,RUBI,252476000
12/31/2014,22718000,125295000,RUBI,144007000
12/31/2017,0,28902000000,TRV,25803000000
12/31/2016,0,27499000000,TRV,23209000000
12/31/2015,0,26815000000,TRV,21702000000
12/31/2014,0,27174000000,TRV,21716000000
12/31/2017,888000000,20918000000,TMO,17693000000
12/31/2016,755000000,18274000000,TMO,15470000000
12/31/2015,692000000,16965000000,TMO,14463000000
12/31/2014,691100000,16889600000,TMO,14605100000
3/31/2018,0,308609000,THR,275871000
3/31/2017,0,264130000,THR,241686000
3/31/2016,0,281928000,THR,237170000
3/31/2015,0,308578000,THR,241517000
12/31/2017,0,11333000000,TRI,9575000000
12/31/2016,0,11166000000,TRI,9624000000
12/31/2015,0,11257000000,TRI,9796000000
12/31/2014,0,12607000000,TRI,10935000000
7/31/2018,0,8328909000,THO,7696805000
7/31/2017,0,7246952000,THO,6687141000
7/31/2016,0,4582112000,THO,4190018000
7/31/2015,0,4006819000,THO,3716180000
12/31/2017,0,440162.557,TDW,545326.53
3/31/2017,0,601611000,TDW,718836000
3/31/2016,0,979062000,TDW,949726000
3/31/2015,0,1495517000,TDW,1254218000
12/31/2017,0,216461000,TIER,206617000
12/31/2016,0,242818000,TIER,245296000
12/31/2015,0,282365000,TIER,301192000
12/31/2014,0,288067000,TIER,284334000
1/31/2018,0,4169800000,TIF,3375300000
1/31/2017,0,4001800000,TIF,3255200000
1/31/2016,0,4104900000,TIF,3336000000
1/31/2015,0,4249900000,TIF,3358500000
2/3/2018,0,576899000,TLYS,552065000
1/28/2017,0,568952000,TLYS,547270000
1/30/2016,0,550991000,TLYS,530302000
1/31/2015,0,518294000,TLYS,494098000
12/31/2017,0,16233959000,TSU,13930378000
12/31/2016,0,15617413000,TSU,13884153000
12/31/2015,0,17142265000,TSU,14755797000
12/31/2014,0,19498165000,TSU,16752241000
12/31/2017,0,3003800000,TKR,2714800000
12/31/2016,0,2669800000,TKR,2465600000
12/31/2015,0,2872300000,TKR,2506900000
12/31/2014,0,3076200000,TKR,2698400000
12/31/2017,8000000,1329200000,TMST,1351900000
12/31/2016,8000000,869500000,TMST,931800000
12/31/2015,8600000,1106200000,TMST,1199100000
12/31/2014,8500000,1674200000,TMST,1602000000
12/31/2017,10302000,1468922000,TWI,1465689000
12/31/2016,9971000,1265497000,TWI,1290448000
12/31/2015,11162000,1394771000,TWI,1422116000
12/31/2014,14005000,1895527000,TWI,1933339000
2/3/2018,0,35864664000,TJX,31877238000
1/28/2017,0,33183744000,TJX,29334221000
1/30/2016,0,30944938000,TJX,27240238000
1/31/2015,0,29078407000,TJX,25471906000
10/31/2017,0,5815058000,TOL,5155328000
10/31/2016,0,5169508000,TOL,4665640000
10/31/2015,0,4171248000,TOL,3688669000
10/31/2014,0,3911602000,TOL,3487575000
12/31/2017,0,0,TR,0
12/31/2016,0,521100000,TR,425548000
12/31/2015,0,540112000,TR,448077000
12/31/2014,0,543525000,TR,455841000
12/31/2017,0,1906266000,BLD,1739402000
12/31/2016,0,1742850000,BLD,1620346000
12/31/2015,0,1616580000,BLD,1533049000
12/31/2014,0,1512077000,BLD,1471360000
12/31/2017,0,4156000000,TMK,3240000000
12/31/2016,0,3934629000,TMK,3079049000
12/31/2015,0,3766065000,TMK,2923236000
12/31/2014,0,3620095000,TMK,2756955000
10/31/2017,0,2505176000,TTC,2150066000
10/31/2016,0,2392175000,TTC,2057779000
10/31/2015,0,2390875000,TTC,2091761000
10/31/2014,0,2172691000,TTC,1909534000
10/31/2017,0,33933000000,TD,20906000000
10/31/2016,0,31985000000,TD,20649000000
10/31/2015,0,29743000000,TD,19225000000
10/31/2014,0,28404000000,TD,18702000000
11/30/2017,0,1956.784,TYG,26160.696
11/30/2016,0,3595.041,TYG,24936.585
11/30/2015,0,31710.891,TYG,36652.996
11/30/2014,0,22471.312,TYG,32313.483
12/31/2017,0,149099000000,TOT,136532000000
12/31/2016,0,127925000000,TOT,119954000000
12/31/2015,0,143421000000,TOT,133351000000
12/31/2014,0,212018000000,TOT,195439000000
12/31/2017,0,4927965000,TSS,4193921000
12/31/2016,0,4170077000,TSS,3564395000
12/31/2015,0,2779541000,TSS,2245434000
12/31/2014,0,2446877000,TSS,2012020000
12/31/2017,0,1988046000,TOWR,1862015000
12/31/2016,0,1913641000,TOWR,1807233000
12/31/2015,0,1796103000,TOWR,1702939000
12/31/2014,0,1838050000,TOWR,1741030000
12/31/2017,0,507434000,TSQ,436671000
12/31/2016,0,515995000,TSQ,434188000
12/31/2015,0,441222000,TSQ,365102000
12/31/2014,0,373892000,TSQ,295453000
3/31/2018,0,29379510000000,TM,26979648000000
3/31/2017,0,27597193000000,TM,25602821000000
3/31/2016,0,28403118000000,TM,25549147000000
3/31/2015,0,27234521000000,TM,24483957000000
12/31/2017,0,0,TPGH,410.588
12/31/2017,0,122332000,TRTX,27834000
12/31/2016,0,92398000,TRTX,22436000
12/31/2015,0,81137000,TRTX,20170000
12/31/2017,0,210897000,TSLX,60362000
12/31/2016,0,192410000,TSLX,59744000
12/31/2015,0,173415000,TSLX,54607000
12/31/2014,0,163320000,TSLX,42623000
12/31/2017,0,0,TAC,2158000000
12/31/2016,0,2397000000,TAC,2084000000
12/31/2015,0,2267000000,TAC,2086000000
12/31/2014,0,2623000000,TAC,2219000000
12/31/2017,0,13449000000,TRP,8909000000
12/31/2016,0,12547000000,TRP,8469000000
12/31/2015,0,11353000000,TRP,7665000000
12/31/2014,0,10185000000,TRP,6893000000
12/31/2017,0,125259000,TCI,105128000
12/31/2016,0,118445000,TCI,100824000
12/31/2015,0,102261000,TCI,87619000
12/31/2014,0,75830000,TCI,75087000
9/30/2017,0,3504286000,TDG,1993339000
9/30/2016,0,3171411000,TDG,1845902000
9/30/2015,0,2707115000,TDG,1596951000
9/30/2014,0,2372906000,TDG,1423945000
12/31/2017,0,183272000,TLP,130156000
12/31/2016,0,164924000,TLP,122242000
12/31/2015,0,152510000,TLP,114599000
12/31/2014,0,150062000,TLP,115578000
12/31/2017,0,2772000000,RIG,2376000000
12/31/2016,0,3690000000,RIG,2970000000
12/31/2015,0,7386000000,RIG,4898000000
12/31/2014,0,9185000000,RIG,6463000000
12/31/2017,0,12246664000,TGS,7577103000
12/31/2016,0,7402172000,TGS,5128303000
12/31/2015,0,4226569000,TGS,3198034000
12/31/2014,0,4303971000,TGS,3369816000
12/31/2017,0,1933800000,TRU,1469400000
12/31/2016,0,1704900000,TRU,1384800000
12/31/2015,0,1506800000,TRU,1281000000
12/31/2014,0,1304700000,TRU,1149200000
12/31/2017,0,2447279000,TVPT,2151846000
12/31/2016,0,2351356000,TVPT,2118706000
12/31/2015,0,2221020000,TVPT,2030497000
12/31/2014,0,2148159000,TVPT,1987209000
12/31/2017,0,245143000,TREC,227041000
12/31/2016,0,212399000,TREC,193692000
12/31/2015,0,241976000,TREC,205935000
12/31/2014,0,289643000,TREC,264161000
12/31/2017,18287000,961330000,TG,906097000
12/31/2016,19122000,828341000,TG,791349000
12/31/2015,16173000,896177000,TG,841354000
12/31/2014,12147000,951826000,TG,893074000
12/31/2017,0,6307100000,THS,5979500000
12/31/2016,0,6175100000,THS,5838400000
12/31/2015,0,3206400000,THS,2950700000
12/31/2014,0,2946102000,THS,2691227000
12/31/2017,3800000,565153000,TREX,422273000
12/31/2016,3700000,479616000,TREX,375761000
12/31/2015,1500000,440804000,TREX,363398000
12/31/2014,2300000,391660000,TREX,323834000
12/31/2017,0,59288.897,TY,7669.091
12/31/2016,0,58971.987,TY,7023.599
12/31/2015,0,56186.198,TY,7452.382
12/31/2014,0,51945.06,TY,7171.561
12/31/2017,0,2810272000,TPH,2456531000
12/31/2016,0,2405142000,TPH,2101287000
12/31/2015,0,2401159000,TPH,2078987000
12/31/2014,0,1703616000,TPH,1543337000
12/31/2017,0,0,TRCO,1680625000
12/31/2016,0,1947930000,TRCO,1671940000
12/31/2015,0,1801967000,TRCO,1613555000
12/28/2014,0,1780625000,TRCO,1493508000
12/31/2017,45000000,3275000000,TNET,3058000000
12/31/2016,31438000,3060313000,TNET,2936355000
12/31/2015,27558000,2659288000,TNET,2580971000
12/31/2014,26101000,2193531000,TNET,2106740000
12/31/2017,0,3662800000,TRN,3200300000
12/31/2016,0,4588300000,TRN,3863500000
12/31/2015,0,6392700000,TRN,5132600000
12/31/2014,0,6170000000,TRN,5014700000
12/31/2017,51900000,4448100000,TSE,4016800000
12/31/2016,51000000,3716600000,TSE,3343700000
12/31/2015,51900000,3971900000,TSE,3702600000
12/31/2014,53400000,5127961000,TSE,5025826000
12/31/2017,0,51052000,TPVG,15725000
12/31/2016,0,41978000,TPVG,11108000
12/31/2015,0,40345000,TPVG,12101000
12/31/2014,0,29941.2,TPVG,9895.2
12/31/2017,0,0,GTS,0
12/31/2016,0,2984806000,GTS,2966085000
12/31/2015,0,2902736000,GTS,2837436000
12/31/2014,0,2320114000,GTS,2242568000
12/31/2017,0,1203513000,TRTN,654067000
12/31/2016,0,808965000,TRTN,552649000
12/31/2015,0,709852000,TRTN,397194000
12/31/2014,0,738831000,TRTN,379763000
3/31/2018,0,3198951000,TGI,2978037000
3/31/2017,0,3532799000,TGI,3137513000
3/31/2016,0,3886072000,TGI,4017629000
3/31/2015,0,3888722000,TGI,3578061000
12/31/2017,8000000,0,TROX,1513000000
12/31/2016,9000000,1309000000,TROX,1364000000
12/31/2015,11000000,1510000000,TROX,1661000000
12/31/2014,11000000,1737000000,TROX,1722000000
12/31/2017,0,2508771000,TBI,2428707000
1/1/2017,0,2750640000,TBI,2650191000
12/25/2015,0,2695680000,TBI,2594038000
12/26/2014,0,2174045000,TBI,2087117000
12/31/2017,0,529182000,TNP,452733000
12/31/2016,0,481790000,TNP,391824000
12/31/2015,0,587715000,TNP,401559000
12/31/2014,0,501013000,TNP,424811000
12/30/2017,0,2255800000,TUP,1906900000
12/31/2016,18300000,2213100000,TUP,1885800000
12/26/2015,18100000,2283800000,TUP,1962000000
12/27/2014,19300000,2606100000,TUP,2227800000
12/31/2017,0,17632064000,TKC,14066654000
12/31/2016,0,14285561000,TKC,11817621000
12/31/2015,0,12769415000,TKC,10363437000
12/31/2014,0,12043587000,TKC,9930643000
12/31/2017,1900000,285777000,TPB,235377000
12/31/2016,1800000,206228000,TPB,161728000
12/31/2015,1400000,197256000,TPB,152745000
12/31/2014,1200000,200329000,TPB,152273000
12/31/2017,0,939780000,TRQ,998944000
12/31/2016,0,1203282000,TRQ,1184653000
12/31/2015,0,1634762000,TRQ,1383060000
12/31/2014,0,1735646000,TRQ,1616255000
12/31/2017,0,4757208000,TPC,4577731000
12/31/2016,0,4973076000,TPC,4771156000
12/31/2015,0,4920472000,TPC,4815059000
12/31/2014,0,4492309000,TPC,4250619000
12/31/2017,119273000,399020000,TWLO,463612000
12/31/2016,77926000,277335000,TWLO,314291000
12/31/2015,42559000,166919000,TWLO,201147000
12/31/2014,21824000,88846000,TWLO,115229000
12/31/2017,539910000,2443299000,TWTR,2397859000
12/31/2016,697582000,2529619000,TWTR,2795527000
12/31/2015,806648000,2218032000,TWTR,2668068000
12/31/2014,691543000,1403002000,TWTR,1941868000
12/31/2017,0,518711000,TWO,220954000
12/31/2016,0,550893000,TWO,217668000
12/31/2015,0,717975000,TWO,242463000
12/31/2014,0,357386000,TWO,263985000
12/31/2017,47324000,840662000,TYL,679732000
12/31/2016,43154000,756043000,TYL,624738000
12/31/2015,29922000,591022000,TYL,477079000
12/31/2014,25743000,493101000,TYL,398279000
9/30/2017,0,38260000000,TSN,35042000000
10/1/2016,0,36881000000,TSN,34011000000
10/3/2015,0,41373000000,TSN,38907000000
9/27/2014,0,37580000000,TSN,36150000000
12/31/2017,0,20038000000,USB,12346000000
12/31/2016,0,19360000000,USB,11076000000
12/31/2015,0,18524000000,USB,10320000000
12/31/2014,0,18197000000,USB,10003000000
12/31/2017,0,410379000,USPH,355052000
12/31/2016,0,352506000,USPH,302842000
12/31/2015,0,327132000,USPH,279627000
12/31/2014,0,300962000,USPH,255025000
12/31/2017,0,1240851000,SLCA,1071440000
12/31/2016,0,559625000,SLCA,607056000
12/31/2015,0,642989000,SLCA,616317000
12/31/2014,0,876741000,SLCA,700574000
12/31/2017,0,1555385000,USX,1526777000
12/31/2016,0,1451205000,USX,1423474000
12/31/2015,0,1541103000,USX,1493490000
12/31/2006,0,1471764000,USX,1414051000
12/31/2017,0,29067000000,UBS,22543000000
12/31/2016,0,28322000000,UBS,22657000000
12/31/2015,0,30603000000,UBS,23775000000
12/31/2014,0,28026000000,UBS,24808000000
12/31/2017,0,992448000,UDR,806562000
12/31/2016,0,964395000,UDR,784307000
12/31/2015,0,897567000,UDR,730612000
12/31/2014,0,811040000,UDR,690741000
9/30/2017,0,6120700000,UGI,5063400000
9/30/2016,0,5685700000,UGI,4655400000
9/30/2015,0,6691100000,UGI,5845500000
9/30/2014,0,8277300000,UGI,7274200000
12/31/2017,0,80007422000,UGP,77148332000
12/31/2016,0,77352955000,UGP,74317554000
12/31/2015,0,75655274000,UGP,72658612000
12/31/2014,0,67736298000,UGP,65486679000
12/31/2017,0,112647.919,UMH,96616.337
12/31/2016,0,99213.829,UMH,83051.283
12/31/2015,0,81516.671,UMH,71119.327
12/31/2014,0,71431.933,UMH,64037.636
12/31/2017,0,4976553000,UA,4819584000
12/31/2016,0,4825335000,UA,4407864000
12/31/2015,0,3963313000,UA,3554766000
12/31/2014,0,3084370000,UA,2730415000
12/31/2017,0,4976553000,UAA,4819584000
12/31/2016,0,4825335000,UAA,4407864000
12/31/2015,0,3963313000,UAA,3554766000
12/31/2014,0,3084370000,UAA,2730415000
6/24/2018,0,678912000,UFI,648523000
6/25/2017,0,647270000,UFI,603812000
6/26/2016,0,643637000,UFI,599109000
6/28/2015,0,687121000,UFI,647943000
8/26/2017,0,1590958000,UNF,1419475000
8/27/2016,0,1468046000,UNF,1282786000
8/29/2015,0,1456605000,UNF,1256221000
8/30/2014,0,1394897000,UNF,1201622000
12/31/2017,0,53715000000,UN,44411000000
12/31/2016,978000000,52713000000,UN,45006000000
12/31/2015,1005000000,53272000000,UN,45878000000
12/31/2014,955000000,48436000000,UN,40550000000
12/31/2017,0,53715000000,UL,44411000000
12/31/2016,978000000,52713000000,UL,45006000000
12/31/2015,1005000000,53272000000,UL,45878000000
12/31/2014,955000000,48436000000,UL,40550000000
1/31/2018,0,0,LTN,0
12/4/2017,0,0,LTN,0
12/31/2017,0,21240000000,UNP,13093000000
12/31/2016,0,19941000000,UNP,12669000000
12/31/2015,0,21813000000,UNP,13761000000
12/31/2014,0,23988000000,UNP,15235000000
12/31/2017,45800000,2741800000,UIS,2602200000
12/31/2016,53700000,2820700000,UIS,2691000000
12/31/2015,64000000,3015100000,UIS,2951700000
12/31/2014,68800000,3356400000,UIS,3201500000
12/31/2017,0,739640000,UNT,641484000
12/31/2016,0,602177000,UNT,610450000
12/31/2015,0,854231000,UNT,844765000
12/31/2014,0,1572944000,UNT,1183448000
12/31/2017,0,37736000000,UAL,34062000000
12/31/2016,0,36556000000,UAL,31580000000
12/31/2015,0,37864000000,UAL,32372000000
12/31/2014,0,38901000000,UAL,36085000000
12/31/2017,13669589000,149284706000,UMC,142798782000
12/31/2016,13532356000,147870124000,UMC,143940486000
12/31/2015,12174824000,144830421000,UMC,133071120000
12/31/2014,13663874000,140012076000,UMC,129420877000
12/31/2017,0,65872000000,UPS,58343000000
12/31/2016,0,60906000000,UPS,55431000000
12/31/2015,0,58363000000,UPS,50695000000
12/31/2014,0,58232000000,UPS,52162000000
12/31/2017,0,6641000000,URI,4952000000
12/31/2016,0,5762000000,URI,4298000000
12/31/2015,0,5817000000,URI,4290000000
12/31/2014,0,5685000000,URI,4249000000
12/31/2017,0,3890000000,USM,3830000000
12/31/2016,0,3990000000,USM,3939000000
12/31/2015,0,4031000000,USM,3929000000
12/31/2014,0,3893000000,USM,4161000000
12/31/2017,0,12250000000,X,11732000000
12/31/2016,0,10261000000,X,10383000000
12/31/2015,0,11574000000,X,12102000000
12/31/2014,0,17507000000,X,16598000000
12/31/2017,2387000000,59837000000,UTX,51934000000
12/31/2016,2337000000,57244000000,UTX,49222000000
12/31/2015,2279000000,56098000000,UTX,47883000000
12/31/2014,2475000000,57900000000,UTX,48675000000
12/31/2017,0,201159000000,UNH,185950000000
12/31/2016,0,184840000000,UNH,171910000000
12/31/2015,0,157107000000,UNH,146086000000
12/31/2014,0,130474000000,UNH,120200000000
12/31/2017,0,406200000,UTL,336500000
12/31/2016,0,383400000,UTL,318100000
12/31/2015,0,426800000,UTL,363700000
12/31/2014,0,425800000,UTL,365800000
12/31/2017,0,8253700000,UNVR,7873900000
12/31/2016,0,8073700000,UNVR,7827900000
12/31/2015,0,8981800000,UNVR,8635300000
12/31/2014,0,10373900000,UNVR,10097500000
3/31/2018,0,2033947000,UVV,1862460000
3/31/2017,0,2071218000,UVV,1888508000
3/31/2016,0,2120373000,UVV,1939727000
3/31/2015,0,2271801000,UVV,2111713000
12/31/2017,0,72348000,UHT,48311000
12/31/2016,0,71537000,UHT,44967000
12/31/2015,0,66486000,UHT,43313000
12/31/2014,0,62214000,UHT,40739000
12/31/2017,0,10409865000,UHS,9129687000
12/31/2016,0,9766210000,UHS,8484799000
12/31/2015,0,9043451000,UHS,7784056000
12/31/2014,0,8205088000,UHS,7105612000
12/31/2017,0,751916000,UVE,581132000
12/31/2016,0,685289000,UVE,522006000
12/31/2015,0,546544000,UVE,370521000
12/31/2014,0,369276000,UVE,240172000
9/30/2017,0,324263000,UTI,326087000
9/30/2016,0,347146000,UTI,362669000
9/30/2015,0,362674000,UTI,359540000
9/30/2014,0,378393000,UTI,372056000
12/31/2017,0,11286800000,UNM,9722900000
12/31/2016,0,11046500000,UNM,9532800000
12/31/2015,0,10731300000,UNM,9340200000
12/31/2014,0,10524500000,UNM,9815000000
12/31/2017,0,407042000,UE,237118000
12/31/2016,0,325976000,UE,191553000
12/31/2015,0,322945000,UE,193758000
12/31/2014,0,315676000,UE,184632000
10/31/2017,0,123185000,UBA,73862000
10/31/2016,0,118192000,UBA,70846000
10/31/2015,0,116781000,UBA,73699000
10/31/2014,0,103749000,UBA,64902000
10/31/2017,0,123185000,UBP,73862000
10/31/2016,0,118192000,UBP,70846000
10/31/2015,0,116781000,UBP,73699000
10/31/2014,0,103749000,UBP,64902000
12/30/2017,0,24147000000,USFD,23532000000
12/31/2016,0,22918808000,USFD,22461522000
1/2/2016,0,23127532000,USFD,22674997000
12/27/2014,0,23019801000,USFD,22729545000
12/31/2017,0,280222000,USAC,238677000
12/31/2016,0,265921000,USAC,224981000
12/30/2017,0,1047265000,USNA,914761000
12/31/2016,0,1006083000,USNA,867461000
1/2/2016,0,918499000,USNA,776837000
1/3/2015,0,790471000,USNA,674369000
12/31/2017,0,110471000,USDP,77658000
12/31/2016,0,109170000,USDP,73030000
12/31/2015,0,79798000,USDP,57344000
12/31/2014,0,33493000,USDP,32846000
12/31/2017,0,3204000000,USG,2837000000
12/31/2016,0,3017000000,USG,2611000000
12/31/2015,0,2913000000,USG,2559000000
12/31/2014,0,2904000000,USG,2617000000
11/30/2017,0,21637.489,BIF,16367.164
11/30/2016,0,24308.876,BIF,14687.391
11/30/2015,0,16987.854,BIF,12666.982
11/30/2014,0,5402.546,BIF,4367.649
3/31/2018,0,12181784000,VFC,10871148000
12/30/2017,0,11811177000,VFC,10287552000
12/31/2016,0,12019003000,VFC,10375333000
1/2/2016,0,12032655000,VFC,10244728000
12/31/2017,0,77025000,EGY,57074000
12/31/2016,0,59784000,EGY,64207000
12/31/2015,0,80445000,EGY,98357000
12/31/2014,0,127691000,EGY,79955000
7/31/2017,0,1907218000,MTN,1506798000
7/31/2016,0,1601286000,MTN,1313984000
7/31/2015,0,1399924000,MTN,1201555000
7/31/2014,0,1254646000,MTN,1124975000
12/31/2017,0,0,VALE,0
12/31/2016,1098000000,94633000000,VALE,66870000000
12/31/2015,1326000000,78057000000,VALE,73580000000
12/31/2014,1568000000,82619000000,VALE,62163000000
12/31/2017,0,93980000000,VLO,90320000000
12/31/2016,0,70166000000,VLO,66594000000
12/31/2015,0,81824000000,VLO,75466000000
12/31/2014,0,124943000000,VLO,119041000000
12/31/2017,0,452005000,VLP,176398000
12/31/2016,0,362619000,VLP,158045000
12/31/2015,0,243624000,VLP,163371000
12/31/2014,0,129180000,VLP,162625000
12/31/2017,0,1879400000,VHI,1522900000
12/31/2016,0,1519400000,VHI,1453500000
12/31/2015,0,1487900000,VHI,1505900000
12/31/2014,0,1862600000,VHI,1733300000
12/31/2017,0,720064000,VLY,427614000
12/31/2016,0,674761000,VLY,409639000
12/31/2015,0,598658000,VLY,394598000
12/31/2014,0,526293000,VLY,344957000
12/30/2017,11600000,2745967000,VMI,2482135000
12/31/2016,8300000,2521676000,VMI,2268989000
12/26/2015,11600000,2618924000,VMI,2405407000
12/27/2014,13900000,3123143000,VMI,2765427000
9/30/2017,0,2084000000,VVV,1548000000
9/30/2016,0,1929000000,VVV,1504000000
9/30/2015,0,1967000000,VVV,1642000000
9/30/2014,0,2041000000,VVV,1797000000
9/29/2017,210000000,2668200000,VAR,2260600000
9/30/2016,200400000,2621100000,VAR,2179500000
10/2/2015,195400000,2490700000,VAR,2082800000
9/26/2014,234800000,3049800000,VAR,2452800000
12/31/2017,0,1346915000,VGR,1093827000
12/31/2016,0,1264969000,VGR,985320000
12/31/2015,0,1217550000,VGR,963314000
12/31/2014,0,1145229000,VGR,920372000
12/31/2017,0,2657300000,VVC,2269200000
12/31/2016,0,2448300000,VVC,2066800000
12/31/2015,0,2434700000,VVC,2072900000
12/31/2014,0,2611700000,VVC,2254400000
12/31/2017,0,0,VEC,1073100000
12/31/2016,0,1190519000,VEC,1144993000
12/31/2015,0,1180684000,VEC,1137422000
12/31/2014,0,1203269000,VEC,1151615000
3/31/2018,0,918660000000,VEDL,730700000000
3/31/2017,0,722250000000,VEDL,571530000000
3/31/2016,0,642617600000,VEDL,577667900000
3/31/2015,0,737095000000,VEDL,587353200000
1/31/2018,132051000,685571000,VEEV,534779000
1/31/2017,96750000,544043000,VEEV,436075000
1/31/2016,65976000,409221000,VEEV,328432000
1/31/2015,41156000,313222000,VEEV,243256000
12/31/2017,0,2209000000,VNTR,1966000000
12/31/2016,0,2139000000,VNTR,2176000000
12/31/2015,0,2162000000,VNTR,2312000000
12/31/2014,0,1549000000,VNTR,1652000000
12/31/2001,0,199590000,VTRB,57440000
12/31/2000,0,236764000,VTRB,110564000
12/31/1999,0,229437000,VTRB,97184000
12/31/2017,0,3564554000,VTR,2509901000
12/31/2016,0,3447004000,VTR,2467872000
12/31/2015,0,3283926000,VTR,2432297000
12/31/2014,0,2772411000,VTR,2059434000
12/31/2017,375400000,2322200000,VNE,2371700000
12/31/2016,299700000,2218300000,VNE,2240200000
12/31/2015,213600000,1588600000,VNE,1591100000
12/31/2017,0,0,VRTV,8281900000
12/31/2016,0,8326600000,VRTV,8204700000
12/31/2015,0,8717700000,VRTV,8590300000
12/31/2014,0,7406500000,VRTV,7333800000
12/31/2017,0,126034000000,VZ,95933000000
12/31/2016,0,125980000000,VZ,96140000000
12/31/2015,0,131620000000,VZ,101070000000
12/31/2014,0,127079000000,VZ,106949000000
12/31/2017,0,126034000000,VZA,95933000000
12/31/2016,0,125980000000,VZA,96140000000
12/31/2015,0,131620000000,VZA,101070000000
12/31/2014,0,127079000000,VZA,106949000000
12/31/2017,0,0,VET,0
12/31/2016,0,828507000,VET,1023924000
12/31/2015,0,873666000,VET,1068802000
12/31/2014,0,1311628000,VET,789721000
12/31/2017,0,2461000000,VRS,2450000000
12/31/2016,0,2641000000,VRS,2600000000
12/31/2015,0,3122000000,VRS,3134000000
12/31/2014,0,1297000000,VRS,1331000000
9/30/2017,45100000,1126900000,VSM,801300000
9/30/2016,43900000,970100000,VSM,690300000
9/30/2015,40700000,1009300000,VSM,765700000
9/30/2014,38400000,942500000,VSM,780000000
12/31/2017,0,1306965000,VVI,1224616000
12/31/2016,0,1204970000,VVI,1128507000
12/31/2015,0,1089048000,VVI,1043384000
12/31/2014,0,1064987000,VVI,1013669000
12/31/2017,0,201436000,VICI,57240000
12/31/2016,0,18785000,VICI,18778000
12/31/2015,0,18077000,VICI,18059000
12/31/2014,0,18908000,VICI,18869000
2/3/2018,0,272582000,VNCE,284752000
1/28/2017,0,268199000,VNCE,272362000
1/30/2016,0,302457000,VNCE,284029000
1/31/2015,0,340396000,VNCE,270146000
12/31/2017,1808452000,72912313000,VIPS,70256632000
12/31/2016,1563582000,56591302000,VIPS,53903283000
12/31/2015,1076520000,40203212000,VIPS,38143799000
12/31/2014,670998000,23129313000,VIPS,22323380000
9/30/2017,0,18358000000,V,6003000000
9/30/2016,0,15082000000,V,5058000000
9/30/2015,0,13880000000,V,4802000000
9/30/2014,0,12702000000,V,4552000000
12/31/2017,0,2603522000,VSH,2280661000
12/31/2016,0,2323431000,VSH,2121635000
12/31/2015,0,2300488000,VSH,2120494000
12/31/2014,0,2493282000,VSH,2267038000
12/31/2017,0,254350000,VPG,230590000
12/31/2016,0,224929000,VPG,209128000
12/31/2015,0,232178000,VPG,219231000
12/31/2014,0,250028000,VPG,236288000
3/31/2018,29663000,2308463000,VSTO,2240594000
3/31/2017,32769000,2546892000,VSTO,2333927000
3/31/2016,12512000,2270734000,VSTO,2006933000
3/31/2015,9518000,2083414000,VSTO,1847040000
12/31/2017,0,5430000000,DYNC,5037000000
12/31/2016,0,5164000000,DYNC,4757000000
12/31/2015,0,5370000000,DYNC,4720000000
12/31/2014,0,5978000000,DYNC,5723000000
12/31/2017,0,5430000000,VST,5037000000
12/31/2016,0,5164000000,VST,4757000000
12/31/2015,0,5370000000,VST,4720000000
12/31/2014,0,5978000000,VST,5723000000
12/30/2017,0,1178694000,VSI,1166631000
12/31/2016,0,1289243000,VSI,1203239000
12/26/2015,0,1266549000,VSI,1168386000
12/27/2014,0,1213046000,VSI,1100688000
12/31/2017,3340000,268028000,VSLR,352275000
12/31/2016,2979000,135167000,VSLR,298899000
12/31/2015,3901000,64182000,VSLR,290790000
12/31/2014,1892000,25258000,VSLR,187552000
2/2/2018,1755000000,0,VMW,6143000000
2/3/2017,1800000000,5952000000,VMW,6444000000
12/31/2016,1503000000,7093000000,VMW,5602000000
12/31/2015,1300000000,6647000000,VMW,5351000000
12/31/2017,0,7999.611,VOC,794.023
12/31/2016,0,5302.828,VOC,904.845
12/31/2015,0,8627.256,VOC,637.256
12/31/2014,0,32284.622,VOC,834.622
12/31/2017,27685000,162548000,VCRA,176568000
12/31/2016,18266000,127696000,VCRA,138751000
12/31/2015,16990000,104086000,VCRA,120881000
12/31/2014,18089000,95421000,VCRA,122800000
12/31/2017,29630000,1002286000,VG,942895000
12/31/2016,29759000,955621000,VG,898011000
12/31/2015,27220000,895072000,VG,839277000
12/31/2014,20869000,868854000,VG,806143000
12/31/2017,0,2087833000,VNO,1468589000
12/31/2016,0,2177882000,VNO,1415820000
12/31/2015,0,1966985000,VNO,1342712000
12/31/2014,0,2317256000,VNO,1606257000
12/31/2017,5528000,23178000,VJET,30539000
12/31/2016,5683000,22338000,VJET,31132000
12/31/2015,5403000,24064000,VJET,32016000
12/31/2014,4027000,16163000,VJET,21261000
12/31/2017,0,8618000000,VOYA,7744000000
12/31/2016,0,8788000000,VOYA,8354000000
12/31/2015,0,8743000000,VOYA,7771000000
12/31/2014,0,10994100000,VOYA,9787000000
2/28/2018,0,24387.018,IGD,9546.446
2/28/2017,0,27352.141,IGD,9155.904
2/29/2016,0,27702.678,IGD,10071.147
2/28/2015,0,32713.455,IGD,11460.475
12/31/2017,0,3890296000,VMC,3261015000
12/31/2016,0,3592667000,VMC,2932097000
12/31/2015,0,3422181000,VMC,2870740000
12/31/2014,0,2994169000,VMC,2695858000
12/31/2017,0,485356000,WTI,375406000
12/31/2016,0,398097000,WTI,450802000
12/31/2015,0,504263000,WTI,662728000
12/31/2014,0,940776000,WTI,878708000
12/31/2017,0,860578000,WPC,415722000
12/31/2016,0,908726000,WPC,431176000
12/31/2015,0,915612000,WPC,485341000
12/31/2014,0,809558000,WPC,430867000
12/31/2017,0,7684764000,WRB,6749430000
12/31/2016,0,7654184000,WRB,6628754000
12/31/2015,0,7206457000,WRB,6343081000
12/31/2014,0,7128928000,WRB,6048585000
12/31/2017,53500000,1716500000,GRA,1441000000
12/31/2016,48800000,1598600000,GRA,1319700000
12/31/2015,47100000,1628200000,GRA,1342100000
12/31/2014,51300000,1757300000,GRA,1573500000
12/31/2017,0,10424858000,GWW,9260038000
12/31/2016,0,10137204000,GWW,8978094000
12/31/2015,0,9973384000,GWW,8627713000
12/31/2014,0,9964953000,GWW,8552836000
12/31/2017,0,1767161000,WNC,1626740000
12/31/2016,0,1845444000,WNC,1641249000
12/31/2015,0,2027489000,WNC,1846033000
12/31/2014,0,1863315000,WNC,1740929000
12/31/2017,147000000,3304200000,WBC,2885700000
12/31/2016,135200000,2810000000,WBC,2437700000
12/31/2015,139500000,2627500000,WBC,2288100000
12/31/2014,145000000,2851000000,WBC,2493000000
12/31/2017,0,1157144000,WDR,914477000
12/31/2016,0,1239023000,WDR,956715000
12/31/2015,0,1516631000,WDR,1113515000
12/31/2014,0,1597759000,WDR,1105444000
12/31/2016,45271000,364713000,WAGE,327109000
12/31/2015,43041000,334316000,WAGE,292351000
12/31/2014,27741000,267832000,WAGE,236783000
12/31/2013,21459000,219278000,WAGE,193302000
12/31/2017,0,702355000,WD,468694000
12/31/2016,0,566037000,WD,380256000
12/31/2015,0,456636000,WD,321270000
12/31/2014,0,348255000,WD,264343000
1/31/2018,0,500343000000,WMT,478094000000
1/31/2017,0,485873000000,WMT,463109000000
1/31/2016,0,482130000000,WMT,458025000000
1/31/2015,0,485651000000,WMT,458504000000
9/30/2017,0,55137000000,DIS,41149000000
10/1/2016,0,55632000000,DIS,41172000000
10/3/2015,0,52465000000,DIS,39241000000
9/27/2014,0,48813000000,DIS,37273000000
12/31/2017,0,1163692000,HCC,727418000
12/31/2016,0,369017000,HCC,453131000
12/31/2015,0,544733000,HCC,822441000
12/31/2017,0,758122000,WPG,546391000
12/31/2016,0,843475000,WPG,606996000
12/31/2015,0,921356000,WPG,707989000
12/31/2014,0,660978000,WPG,436095000
12/31/2017,0,325078000,WRE,250286000
12/31/2016,0,313264000,WRE,244142000
12/31/2015,0,306427000,WRE,243348000
12/31/2014,0,288637000,WRE,225060000
12/31/2017,0,4630488000,WCN,3814386000
12/31/2016,0,3375863000,WCN,2778591000
12/31/2015,0,2117287000,WCN,1677400000
12/31/2014,0,2079166000,WCN,1619305000
12/31/2017,0,14485000000,WM,11865000000
12/31/2016,0,13609000000,WM,11197000000
12/31/2015,0,12961000000,WM,10885000000
12/31/2014,0,13996000000,WM,12047000000
12/31/2017,132593000,2309078000,WAT,1615113000
12/31/2016,125187000,2167423000,WAT,1536560000
12/31/2015,118545000,2042332000,WAT,1464087000
12/31/2014,107726000,1989344000,WAT,1445262000
12/31/2017,0,4341955000,WSO,3988081000
12/31/2016,0,4220702000,WSO,3874764000
12/31/2015,0,4113239000,WSO,3779043000
12/31/2014,0,3944540000,WSO,3638935000
12/31/2017,29000000,1456700000,WTS,1286600000
12/31/2016,26500000,1398400000,WTS,1256900000
12/31/2015,23500000,1467700000,WTS,1402400000
12/31/2014,22500000,1513700000,WTS,1373100000
12/31/2017,0,4720895000,W,4946774000
12/31/2016,0,3380360000,W,3576577000
12/31/2015,0,2249885000,W,2331235000
12/31/2014,0,1318951000,W,1466735000
12/31/2017,158000000,5699000000,WFT,6823000000
12/31/2016,159000000,5749000000,WFT,6950000000
12/31/2015,231000000,9433000000,WFT,9895000000
12/31/2014,290000000,14911000000,WFT,13768000000
12/31/2017,0,1014865000,WBS,631364000
12/31/2016,0,926641000,WBS,591533000
12/31/2015,0,853102000,WBS,524959000
12/31/2014,0,793299000,WBS,476245000
12/31/2017,0,7648500000,WEC,5863300000
12/31/2016,0,7472300000,WEC,5790200000
12/31/2015,0,5926100000,WEC,4675600000
12/31/2014,0,4997100000,WEC,3885000000
12/30/2017,0,1306900000,WTW,1026300000
12/31/2016,0,1164902000,WTW,964091000
1/2/2016,0,1164419000,WTW,987949000
1/3/2015,0,1479916000,WTW,1168762000
12/31/2017,0,573163000,WRI,380482000
12/31/2016,0,549555000,WRI,354078000
12/31/2015,0,512844000,WRI,327997000
12/31/2014,0,514406000,WRI,327744000
12/30/2017,0,3466807000,WMK,3390382000
12/31/2016,0,3136720000,WMK,3037501000
12/26/2015,0,2876748000,WMK,2785969000
12/27/2014,0,2776683000,WMK,2695308000
12/31/2017,0,1445400000,WBT,1217900000
12/31/2016,0,1456600000,WBT,1238700000
12/31/2015,0,1570100000,WBT,1391400000
12/31/2014,0,1581300000,WBT,1404700000
12/31/2017,0,17007200000,WCG,16425800000
12/31/2016,0,14237100000,WCG,13624600000
12/31/2015,0,13890200000,WCG,13468900000
12/31/2014,0,12959900000,WCG,12722500000
12/31/2017,0,85861000000,WFC,56045000000
12/31/2016,0,84541000000,WFC,50061000000
12/31/2015,0,83690000000,WFC,47830000000
12/31/2014,0,82980000000,WFC,46767000000
12/31/2017,0,4242830000,WELL,3190619000
12/31/2016,0,4183197000,WELL,2986591000
12/31/2015,0,3775685000,WELL,2706839000
12/31/2014,0,3305879000,WELL,2459969000
9/30/2017,0,1429429000,WAIR,1327110000
9/30/2016,0,1477366000,WAIR,1318801000
9/30/2015,0,1497615000,WAIR,1440209000
9/30/2014,0,1355877000,WAIR,1171943000
12/31/2017,0,7679021000,WCC,7358131000
12/31/2016,0,7336017000,WCC,7003958000
12/31/2015,0,7518487000,WCC,7144745000
12/31/2014,0,7889626000,WCC,7423409000
12/31/2017,39100000,1599100000,WST,1370200000
12/31/2016,36800000,1509100000,WST,1282300000
12/31/2015,34100000,1399800000,WST,1269700000
12/31/2014,37300000,1421400000,WST,1238100000
12/31/2017,0,812758000,WAL,340288000
12/31/2016,0,692128000,WAL,299977000
12/31/2015,0,519225000,WAL,236490000
12/31/2014,0,405320000,WAL,197725000
12/31/2017,0,90453.807,EMD,12804.645
12/31/2016,0,41159.148,EMD,6984.362
12/31/2015,0,39376.677,EMD,6225.12
12/31/2014,0,42950.998,EMD,6669.105
5/31/2018,0,43358.135,EHI,6150.722
5/31/2017,0,42691.871,EHI,5729.182
5/31/2016,0,35819.447,EHI,4210.735
5/31/2015,0,36689.098,EHI,4580.86
4/30/2018,0,61153.661,HIX,7835.604
4/30/2017,0,67742.444,HIX,7850.614
4/30/2016,0,73286.501,HIX,7698.929
4/30/2015,0,79673.02,HIX,8815.444
9/30/2017,0,51477.22,HIO,6518.282
9/30/2016,0,38507.226,HIO,4526.043
9/30/2015,0,39004.225,HIO,4480.741
9/30/2014,0,40997.519,HIO,4773.557
12/31/2017,0,106363000,WMC,0
12/31/2016,0,145000,WMC,21246000
12/31/2015,0,10869000,WMC,22483000
12/31/2014,0,117748000,WMC,18760000
9/30/2017,0,5300.539,GFY,1092.375
9/30/2016,0,5562.396,GFY,1302.231
9/30/2015,0,5952.967,GFY,1251.298
9/30/2014,0,6636.147,GFY,1287.745
12/31/2017,0,2248356000,WGP,1616959000
12/31/2016,0,1804270000,WGP,1167187000
12/31/2015,0,1752072000,WGP,1210683000
12/31/2014,0,1533377000,WGP,1034598000
12/31/2017,0,2248356000,WES,1610175000
12/31/2016,0,1804270000,WES,1160873000
12/31/2015,0,1752072000,WES,1207559000
12/31/2014,0,1533377000,WES,1031348000
12/31/2017,0,5524300000,WU,4484500000
12/31/2016,0,5422900000,WU,4317900000
12/31/2015,0,5483700000,WU,4363200000
12/31/2014,0,5607200000,WU,4436400000
12/31/2017,95166000,3881756000,WAB,3448223000
12/31/2016,71375000,2931188000,WAB,2428527000
12/31/2015,71213000,3307998000,WAB,2700431000
12/31/2014,61886000,3044454000,WAB,2517345000
12/31/2017,0,8041000000,WLK,6779000000
12/31/2016,0,5076000000,WLK,4391000000
12/31/2015,0,4463000000,WLK,3503000000
12/31/2014,0,4415350000,WLK,3281745000
12/31/2017,0,1172981000,WLKP,798574000
12/31/2016,0,986736000,WLKP,620292000
12/31/2015,0,1007221000,WLKP,647889000
12/31/2014,0,1749700000,WLKP,1033144000
12/31/2017,0,312005000,WMLP,296615000
12/31/2016,0,345540000,WMLP,322322000
12/31/2015,0,380100000,WMLP,377766000
12/31/2014,0,319363000,WMLP,309700000
9/30/2017,0,20949000000,WBK,8539000000
9/30/2016,0,19861000000,WBK,8338000000
9/30/2015,0,20889000000,WBK,8127000000
9/30/2014,0,19287000000,WBK,7770000000
9/30/2017,0,14859700000,WRK,13722200000
9/30/2016,0,14171800000,WRK,12996300000
9/30/2015,0,11124800000,WRK,10055300000
9/30/2014,0,9895100000,WRK,8939300000
12/31/2017,0,133785000,WHG,95883000
12/31/2016,0,123021000,WHG,89011000
12/31/2015,0,130936000,WHG,86384000
12/31/2014,0,113241000,WHG,70813000
12/31/2017,0,1250548000,WEX,980926000
12/31/2016,0,1018460000,WEX,789535000
12/31/2015,0,854637000,WEX,612201000
12/31/2014,0,817647000,WEX,492687000
12/31/2017,0,7197000000,WY,5774000000
12/31/2016,0,6387000000,WY,5367000000
12/31/2015,0,5246000000,WY,4491000000
12/31/2014,0,5489000000,WY,4599000000
12/31/2017,0,843215000,WPM,543372000
12/31/2016,0,891557000,WPM,599663000
12/31/2015,0,648687000,WPM,419067000
12/31/2014,0,620176000,WPM,345950000
12/31/2017,0,21253000000,WHR,19865000000
12/31/2016,0,20718000000,WHR,19191000000
12/31/2015,0,20891000000,WHR,19405000000
12/31/2014,0,19872000000,WHR,18548000000
12/31/2017,0,373800000,WTM,364700000
12/31/2016,0,1364200000,WTM,1385000000
12/31/2015,0,1627300000,WTM,1449800000
12/31/2014,0,1415600000,WTM,1426300000
12/31/2017,0,0,WSR,0
12/31/2016,0,104437000,WSR,80471000
12/31/2015,0,93416000,WSR,71408000
12/31/2014,0,72382000,WSR,56151000
12/31/2017,0,1357952000,WLL,2499131000
12/31/2016,0,1176267000,WLL,1834476000
12/31/2015,0,1909447000,WLL,3635000000
12/31/2014,0,2771609000,WLL,2464532000
12/31/2017,0,1188100000,WOW,963500000
12/31/2016,0,1237000000,WOW,992600000
12/31/2015,0,1217100000,WOW,1011700000
12/31/2014,0,1264300000,WOW,1118500000
12/31/2017,0,427187000,WRD,372857000
12/31/2016,0,127342000,WRD,169788000
12/31/2015,0,86335000,WRD,111088000
12/31/2014,0,45463000,WRD,56141000
12/31/2017,0,8031000000,WMB,6331000000
12/31/2016,0,7499000000,WMB,5836000000
12/31/2015,0,7360000000,WMB,5893000000
12/31/2014,0,7637000000,WMB,6340000000
8/26/2017,0,1547119000,WGO,1440217000
8/27/2016,0,975226000,WGO,918654000
8/29/2015,0,976505000,WGO,920697000
8/30/2014,0,945163000,WGO,881883000
3/31/2018,0,544871000000,WIT,461422000000
3/31/2017,0,550402000000,WIT,461326000000
3/31/2016,0,512440000000,WIT,419447000000
3/31/2015,0,469543000000,WIT,377623000000
3/31/2018,0,757956000,WNS,678028000
3/31/2017,0,602546000,WNS,545901000
3/31/2016,0,562179000,WNS,500304000
3/31/2015,0,533893000,WNS,467993000
12/30/2017,0,2350000000,WWW,2175600000
12/31/2016,0,2494600000,WWW,2284400000
1/2/2016,0,2691600000,WWW,2452900000
1/3/2015,0,2761100000,WWW,2489000000
12/31/2017,0,5715109000000,WF,3562114000000
12/31/2016,0,5421025000000,WF,3846255000000
12/31/2015,0,5177784000000,WF,3760448000000
12/31/2014,0,4561677000000,WF,3633185000000
12/31/2017,68172000,207869000,WK,250272000
12/31/2016,57438000,178646000,WK,222224000
12/31/2015,50466000,145272000,WK,188955000
12/31/2014,44145000,112694000,WK,151304000
12/31/2017,0,33695500000,INT,33498400000
12/31/2016,0,27015800000,INT,26826900000
12/31/2015,0,30381400000,INT,30135700000
12/31/2014,0,43391800000,INT,43115100000
12/31/2017,0,800959000,WWE,719909000
12/31/2016,0,728516000,WWE,672052000
12/31/2015,0,658768000,WWE,612359000
12/31/2014,0,542620000,WWE,577944000
12/31/2017,0,4026477000,WP,3456330000
12/31/2016,0,3578991000,WP,3001577000
12/31/2015,0,3159938000,WP,2725528000
12/31/2014,0,2577203000,WP,2228245000
5/31/2018,0,3581620000,WOR,3386223000
5/31/2017,0,3014108000,WOR,2794576000
5/31/2016,0,2819714000,WOR,2664523000
5/31/2015,0,3384234000,WOR,3219530000
12/31/2017,0,0,WPP,0
12/31/2016,0,14388900000,WPP,12335200000
12/31/2015,0,12235200000,WPP,10613000000
12/31/2014,0,11528900000,WPP,9887000000
12/31/2017,0,1333000000,WPX,1401000000
12/31/2016,0,900000000,WPX,1594000000
12/31/2015,0,948000000,WPX,963000000
12/31/2014,0,2089000000,WPX,1538000000
12/31/2017,0,4613000000,WYND,3595000000
12/31/2016,0,4486000000,WYND,3498000000
12/31/2015,0,4451000000,WYND,3503000000
12/31/2014,0,4854000000,WYND,3867000000
12/31/2017,0,1083000000,WH,774000000
12/31/2016,0,1041000000,WH,743000000
12/31/2015,0,1029000000,WH,752000000
12/31/2017,0,945277000,XHR,839518000
12/31/2016,0,950160000,XHR,826631000
12/31/2015,0,976144000,XHR,845185000
12/31/2014,0,926382000,XHR,826837000
12/31/2017,6581000,481048000,XRM,415319000
12/31/2016,7100000,471317000,XRM,414815000
12/31/2015,7404000,477243000,XRM,416580000
12/31/2014,7903000,542932000,XRM,464605000
12/31/2017,446000000,10265000000,XRX,9334000000
12/31/2016,476000000,10771000000,XRX,9739000000
12/31/2015,511000000,11465000000,XRX,10341000000
12/31/2014,531000000,12679000000,XRX,11298000000
12/31/2017,0,1976907.231,XIN,1729847.476
12/31/2016,0,1561624.693,XIN,1382265.727
12/31/2015,0,1164323.998,XIN,1058788.977
12/31/2014,0,919747.673,XIN,822698.178
12/31/2017,0,11328157000,XL,11513241000
12/31/2016,0,10546086000,XL,9564757000
12/31/2015,0,9649333000,XL,8010216000
12/31/2014,0,6602267000,XL,5580789000
12/31/2017,0,0,XOXO,0
12/31/2016,43874000,152116000,XOXO,134250000
12/31/2015,39494000,141644000,XOXO,123708000
12/31/2014,35400000,143664000,XOXO,129451000
12/31/2017,0,15380800000,XPO,14757600000
12/31/2016,0,14619400000,XPO,14131300000
12/31/2015,0,7623200000,XPO,7651800000
12/31/2014,0,2356600000,XPO,2397500000
12/31/2017,180000000,4707000000,XYL,4126000000
12/31/2016,110000000,3771000000,XYL,3307000000
12/31/2015,95000000,3653000000,XYL,3198000000
12/31/2014,104000000,3916000000,XYL,3427000000
12/31/2017,0,1803800000,AUY,2014500000
12/31/2016,0,1787700000,AUY,2282400000
12/31/2015,0,1720600000,AUY,3718500000
12/31/2014,0,1835100000,AUY,2481200000
12/31/2017,175787000,846813000,YELP,831819000
12/31/2016,138549000,713069000,YELP,714493000
12/31/2015,107786000,549711000,YELP,570735000
12/31/2014,65181000,377536000,YELP,365877000
1/31/2018,25687000,170201000,YEXT,236841000
1/31/2017,19316000,124261000,YEXT,166961000
1/31/2016,16201000,89724000,YEXT,115862000
1/31/2015,11945000,60002000,YEXT,77353000
12/31/2017,0,5543350000,YRD,3865963000
12/31/2016,0,3237991000,YRD,2153225000
12/31/2015,0,1313639000,YRD,903245000
12/31/2014,0,196525000,YRD,224203000
12/31/2017,0,0,YPF,240738000000
12/31/2016,0,210100000000,YPF,199678000000
12/31/2015,0,156136000000,YPF,136990000000
12/31/2014,0,141942000000,YPF,122207000000
12/31/2017,0,7144000000,YUMC,6312000000
12/31/2016,0,6752000000,YUMC,6090000000
12/31/2015,0,6909000000,YUMC,6383000000
12/31/2014,0,6934000000,YUMC,6465000000
12/31/2017,0,5878000000,YUM,4132000000
12/31/2016,0,6356000000,YUM,4710000000
12/31/2015,0,6418000000,YUM,4898000000
12/27/2014,0,6587000000,YUM,5054000000
6/30/2018,0,2604000000,ZAYO,2160500000
6/30/2017,0,2199800000,ZAYO,1805500000
6/30/2016,0,1721700000,ZAYO,1459900000
6/30/2015,0,1347100000,ZAYO,1171900000
12/31/2017,115291000,430492000,ZEN,545135000
12/31/2016,91067000,311999000,ZEN,416325000
12/31/2015,62615000,208768000,ZEN,291753000
12/31/2014,36403000,127049000,ZEN,193194000
12/31/2017,367400000,7824100000,ZBH,6078100000
12/31/2016,365600000,7683900000,ZBH,5922900000
12/31/2015,268800000,5997800000,ZBH,4373200000
12/31/2014,187400000,4673300000,ZBH,3268000000
12/31/2017,0,2585000000,ZBK,1579000000
12/31/2016,0,2290000000,ZBK,1539000000
12/31/2015,0,2032000000,ZBK,1539000000
12/31/2014,0,2270790000,ZBK,1563099000
12/25/2017,0,314101000,ZOES,311311000
12/26/2016,0,275963000,ZOES,269183000
12/28/2015,0,226557000,ZOES,219849000
12/29/2014,0,171733000,ZOES,176388000
12/31/2017,382000000,5307000000,ZTS,3571000000
12/31/2016,376000000,4888000000,ZTS,3425000000
12/31/2015,362000000,4765000000,ZTS,3506000000
12/31/2014,396000000,4785000000,ZTS,3653000000
12/31/2017,0,13060073000,ZTO,9311638000
12/31/2016,0,9788768000,ZTO,7019790000
12/31/2015,0,6086455000,ZTO,4557226000
12/31/2014,0,3903572000,ZTO,3090771000
1/31/2018,38639000,167926000,ZUO,213504000
1/31/2017,26355000,113008000,ZUO,152041000
1/31/2016,20485000,92184000,ZUO,139332000
12/31/2017,0,51762000,ZYME,59224000
12/31/2016,0,11009000,ZYME,48105000
12/31/2015,0,9660000,ZYME,29620000
12/31/2014,0,1670000,ZYME,14418000
